@article{Adare:2015bua,
      author         = "Adare, A. and others",
      title          = "{Transverse energy production and charged-particle
                        multiplicity at midrapidity in various systems from
                        $\sqrt{s_{NN}}=7.7$ to 200 GeV}",
      collaboration  = "PHENIX",
      journal        = "Phys. Rev.",
      volume         = "C93",
      year           = "2016",
      number         = "2",
      pages          = "024901",
      doi            = "10.1103/PhysRevC.93.024901",
      eprint         = "1509.06727",
      archivePrefix  = "arXiv",
      primaryClass   = "nucl-ex",
      SLACcitation   = "%%CITATION = ARXIV:1509.06727;%%"
}
@article{PhysRevC.96.044904,
  title = {Bulk properties of the medium produced in relativistic heavy-ion collisions from the beam energy scan program},
  author = {Adamczyk, L. and Adkins, J. K. and Agakishiev, G. and Aggarwal, M. M. and Ahammed, Z. and Ajitanand, N. N. and Alekseev, I. and Anderson, D. M. and Aoyama, R. and Aparin, A. and Arkhipkin, D. and Aschenauer, E. C. and Ashraf, M. U. and Attri, A. and Averichev, G. S. and Bai, X. and Bairathi, V. and Behera, A. and Bellwied, R. and Bhasin, A. and Bhati, A. K. and Bhattarai, P. and Bielcik, J. and Bielcikova, J. and Bland, L. C. and Bordyuzhin, I. G. and Bouchet, J. and Brandenburg, J. D. and Brandin, A. V. and Brown, D. and Bunzarov, I. and Butterworth, J. and Caines, H. and Calder\'on de la Barca S\'anchez, M. and Campbell, J. M. and Cebra, D. and Chakaberia, I. and Chaloupka, P. and Chang, Z. and Chankova-Bunzarova, N. and Chatterjee, A. and Chattopadhyay, S. and Chen, X. and Chen, J. H. and Chen, X. and Cheng, J. and Cherney, M. and Christie, W. and Contin, G. and Crawford, H. J. and Das, S. and De Silva, L. C. and Debbe, R. R. and Dedovich, T. G. and Deng, J. and Derevschikov, A. A. and Didenko, L. and Dilks, C. and Dong, X. and Drachenberg, J. L. and Draper, J. E. and Dunkelberger, L. E. and Dunlop, J. C. and Efimov, L. G. and Elsey, N. and Engelage, J. and Eppley, G. and Esha, R. and Esumi, S. and Evdokimov, O. and Ewigleben, J. and Eyser, O. and Fatemi, R. and Fazio, S. and Federic, P. and Federicova, P. and Fedorisin, J. and Feng, Z. and Filip, P. and Finch, E. and Fisyak, Y. and Flores, C. E. and Fulek, L. and Gagliardi, C. A. and Garand, D. and Geurts, F. and Gibson, A. and Girard, M. and Grosnick, D. and Gunarathne, D. S. and Guo, Y. and Gupta, A. and Gupta, S. and Guryn, W. and Hamad, A. I. and Hamed, A. and Harlenderova, A. and Harris, J. W. and He, L. and Heppelmann, S. and Heppelmann, S. and Hirsch, A. and Hoffmann, G. W. and Horvat, S. and Huang, T. and Huang, B. and Huang, X. and Huang, H. Z. and Humanic, T. J. and Huo, P. and Igo, G. and Jacobs, W. W. and Jentsch, A. and Jia, J. and Jiang, K. and Jowzaee, S. and Judd, E. G. and Kabana, S. and Kalinkin, D. and Kang, K. and Kauder, K. and Ke, H. W. and Keane, D. and Kechechyan, A. and Khan, Z. and Kiko\l{}a, D. P. and Kisel, I. and Kisiel, A. and Kochenda, L. and Kocmanek, M. and Kollegger, T. and Kosarzewski, L. K. and Kraishan, A. F. and Kravtsov, P. and Krueger, K. and Kulathunga, N. and Kumar, L. and Kvapil, J. and Kwasizur, J. H. and Lacey, R. and Landgraf, J. M. and Landry, K. D. and Lauret, J. and Lebedev, A. and Lednicky, R. and Lee, J. H. and Li, X. and Li, C. and Li, W. and Li, Y. and Lidrych, J. and Lin, T. and Lisa, M. A. and Liu, H. and Liu, P. and Liu, Y. and Liu, F. and Ljubicic, T. and Llope, W. J. and Lomnitz, M. and Longacre, R. S. and Luo, S. and Luo, X. and Ma, G. L. and Ma, L. and Ma, Y. G. and Ma, R. and Magdy, N. and Majka, R. and Mallick, D. and Margetis, S. and Markert, C. and Matis, H. S. and Meehan, K. and Mei, J. C. and Miller, Z. W. and Minaev, N. G. and Mioduszewski, S. and Mishra, D. and Mizuno, S. and Mohanty, B. and Mondal, M. M. and Morozov, D. A. and Mustafa, M. K. and Nasim, Md. and Nayak, T. K. and Nelson, J. M. and Nie, M. and Nigmatkulov, G. and Niida, T. and Nogach, L. V. and Nonaka, T. and Nurushev, S. B. and Odyniec, G. and Ogawa, A. and Oh, K. and Okorokov, V. A. and Olvitt, D. and Page, B. S. and Pak, R. and Pandit, Y. and Panebratsev, Y. and Pawlik, B. and Pei, H. and Perkins, C. and Pile, P. and Pluta, J. and Poniatowska, K. and Porter, J. and Posik, M. and Poskanzer, A. M. and Pruthi, N. K. and Przybycien, M. and Putschke, J. and Qiu, H. and Quintero, A. and Ramachandran, S. and Ray, R. L. and Reed, R. and Rehbein, M. J. and Ritter, H. G. and Roberts, J. B. and Rogachevskiy, O. V. and Romero, J. L. and Roth, J. D. and Ruan, L. and Rusnak, J. and Rusnakova, O. and Sahoo, N. R. and Sahu, P. K. and Salur, S. and Sandweiss, J. and Saur, M. and Schambach, J. and Schmah, A. M. and Schmidke, W. B. and Schmitz, N. and Schweid, B. R. and Seger, J. and Sergeeva, M. and Seyboth, P. and Shah, N. and Shahaliev, E. and Shanmuganathan, P. V. and Shao, M. and Sharma, A. and Sharma, M. K. and Shen, W. Q. and Shi, Z. and Shi, S. S. and Shou, Q. Y. and Sichtermann, E. P. and Sikora, R. and Simko, M. and Singha, S. and Skoby, M. J. and Smirnov, N. and Smirnov, D. and Solyst, W. and Song, L. and Sorensen, P. and Spinka, H. M. and Srivastava, B. and Stanislaus, T. D. S. and Strikhanov, M. and Stringfellow, B. and Sugiura, T. and Sumbera, M. and Summa, B. and Sun, Y. and Sun, X. M. and Sun, X. and Surrow, B. and Svirida, D. N. and Tang, A. H. and Tang, Z. and Taranenko, A. and Tarnowsky, T. and Tawfik, A. and Th\"ader, J. and Thomas, J. H. and Timmins, A. R. and Tlusty, D. and Todoroki, T. and Tokarev, M. and Trentalange, S. and Tribble, R. E. and Tribedy, P. and Tripathy, S. K. and Trzeciak, B. A. and Tsai, O. D. and Ullrich, T. and Underwood, D. G. and Upsal, I. and Van Buren, G. and van Nieuwenhuizen, G. and Vasiliev, A. N. and Videb\ae{}k, F. and Vokal, S. and Voloshin, S. A. and Vossen, A. and Wang, G. and Wang, Y. and Wang, F. and Wang, Y. and Webb, J. C. and Webb, G. and Wen, L. and Westfall, G. D. and Wieman, H. and Wissink, S. W. and Witt, R. and Wu, Y. and Xiao, Z. G. and Xie, W. and Xie, G. and Xu, J. and Xu, N. and Xu, Q. H. and Xu, Y. F. and Xu, Z. and Yang, Y. and Yang, Q. and Yang, C. and Yang, S. and Ye, Z. and Ye, Z. and Yi, L. and Yip, K. and Yoo, I.-K. and Yu, N. and Zbroszczyk, H. and Zha, W. and Zhang, Z. and Zhang, X. P. and Zhang, J. B. and Zhang, S. and Zhang, J. and Zhang, Y. and Zhang, J. and Zhang, S. and Zhao, J. and Zhong, C. and Zhou, L. and Zhou, C. and Zhu, X. and Zhu, Z. and Zyzak, M.},
  collaboration = {STAR Collaboration},
  journal = {Phys. Rev. C},
  volume = {96},
  issue = {4},
  pages = {044904},
  numpages = {33},
  year = {2017},
  month = {Oct},
  publisher = {American Physical Society},
  doi = {10.1103/PhysRevC.96.044904},
  url = {https://link.aps.org/doi/10.1103/PhysRevC.96.044904}
}

