% This file was created with JabRef 2.5.
% Encoding: Cp1252

@article{CroninEffectInProtonNucleusCollisions,
      author         = "Accardi, Alberto",
      title          = "{Cronin effect in proton nucleus collisions: A Survey of
                        theoretical models}",
      year           = "2002",
      eprint         = "hep-ph/0212148",
      archivePrefix  = "arXiv",
      primaryClass   = "hep-ph",
      note           = "\href{https://arxiv.org/abs/hep-ph/0212148}{arXiv:hep-ph/0212148}",
      SLACcitation   = "%%CITATION = HEP-PH/0212148;%%",
	}

@article{CMSheavyion,
	Author = {R. Granier de Cassagnac},
	Date-Added = {2016-02-25 20:45:22 +0000},
	Date-Modified = {2016-02-25 20:47:47 +0000},
	Journal = {Nuclear Physics A},
	Month = {October},
	Pages = {13--21},
	Title = {CMS heavy-ion overview},
	Volume = {931},
	Year = {2014}}

@article{Leitch:HighlightsFromPhenix,
      author         = "Leitch, Michael",
      title          = "{Highlights from PHENIX-I: Initial State and Early
                        Times}",
      booktitle      = "{Proceedings, 21st International Conference on
                        Ultra-Relativistic nucleus nucleus collisions (Quark
                        matter 2009)}",
      collaboration  = "PHENIX",
      journal        = "Nucl. Phys.",
      volume         = "A830",
      year           = "2009",
      pages          = "27C-34C",
      doi            = "10.1016/j.nuclphysa.2009.09.009",
      note           = "\href{https://arxiv.org/abs/0907.4627}{arXiv:0907.4627}",
      eprint         = "0907.4627",
      archivePrefix  = "arXiv",
      primaryClass   = "nucl-ex",
      SLACcitation   = "%%CITATION = ARXIV:0907.4627;%%"
}

@article{Cronin:1974zm,
      author         = "Cronin, J. W. and Frisch, Henry J. and Shochet, M. J. and
                        Boymond, J. P. and Mermod, R. and Piroue, P. A. and
                        Sumner, Richard L.",
      title          = "{Production of hadrons with large transverse momentum at
                        200, 300, and 400 GeV}",
      booktitle      = "{High energy physics. Proceedings, 17th International
                        Conference, ICHEP 1974, London, England, July 01-July 10,
                        1974}",
      journal        = "Phys. Rev.",
      volume         = "D11",
      year           = "1975",
      pages          = "3105-3123",
      doi            = "10.1103/PhysRevD.11.3105",
      reportNumber   = "PRINT-74-1181 (EFI,CHICAGO), FERMILAB-CONF-74-148-E",
      SLACcitation   = "%%CITATION = PHRVA,D11,3105;%%"
}

@article{Adare:2012yxa,
      author         = "Adare, A. and others",
      title          = "{Cold-nuclear-matter effects on heavy-quark production in
                        $d+$Au collisions at $\sqrt{s_{NN}}=200$ GeV}",
      collaboration  = "PHENIX",
      journal        = "Phys. Rev. Lett.",
      volume         = "109",
      year           = "2012",
      number         = "24",
      pages          = "242301",
      doi            = "10.1103/PhysRevLett.109.242301",
      eprint         = "1208.1293",
      archivePrefix  = "arXiv",
      primaryClass   = "nucl-ex",
      note           = "\href{https://arxiv.org/abs/1208.1293}{arXiv:1208.1293}",
      SLACcitation   = "%%CITATION = ARXIV:1208.1293;%%"
}

@article{Adare:2013lkk,
      author         = "Adare, A. and others",
      title          = "{Cold-Nuclear-Matter Effects on Heavy-Quark Production at
                        Forward and Backward Rapidity in d+Au Collisions at
                        $\sqrt{s_{NN}}=200$ GeV}",
      collaboration  = "PHENIX",
      journal        = "Phys. Rev. Lett.",
      volume         = "112",
      year           = "2014",
      number         = "25",
      pages          = "252301",
      doi            = "10.1103/PhysRevLett.112.252301",
      eprint         = "1310.1005",
      archivePrefix  = "arXiv",
      primaryClass   = "nucl-ex",
      note           = "\href{https://arxiv.org/abs/1310.1005}{arXiv:1310.1005}",
      SLACcitation   = "%%CITATION = ARXIV:1310.1005;%%"
}

@article{Adams:2004fc,
      author         = "Adams, J. and others",
      title          = "{Open charm yields in d + Au collisions at s(NN)**(1/2) =
                        200-GeV}",
      collaboration  = "STAR",
      journal        = "Phys. Rev. Lett.",
      volume         = "94",
      year           = "2005",
      pages          = "062301",
      doi            = "10.1103/PhysRevLett.94.062301",
      eprint         = "nucl-ex/0407006",
      archivePrefix  = "arXiv",
      primaryClass   = "nucl-ex",
      SLACcitation   = "%%CITATION = NUCL-EX/0407006;%%"
}

@article{Lappi:UnderstandingSaturationAndAACollisions,
      author         = "Lappi, T.",
      title          = "{Understanding saturation and AA collisions with an eA
                        collider}",
      booktitle      = "{Proceedings, 21st International Conference on
                        Ultra-Relativistic nucleus nucleus collisions (Quark
                        matter 2009)}",
      journal        = "Nucl. Phys.",
      volume         = "A830",
      year           = "2009",
      pages          = "403C-410C",
      doi            = "10.1016/j.nuclphysa.2009.10.034",
      eprint         = "0907.4588",
      archivePrefix  = "arXiv",
      primaryClass   = "hep-ph",
      note           = "\href{https://arxiv.org/abs/0907.4588}{arXiv:0907.4588}",
      SLACcitation   = "%%CITATION = ARXIV:0907.4588;%%"
}

@article{Eskola:NewGeneration,
      author         = "Eskola, K. J. and Paukkunen, H. and Salgado, C. A.",
      title          = "{EPS09: A New Generation of NLO and LO Nuclear Parton
                        Distribution Functions}",
      journal        = "JHEP",
      volume         = "04",
      year           = "2009",
      pages          = "065",
      doi            = "10.1088/1126-6708/2009/04/065",
      eprint         = "0902.4154",
      archivePrefix  = "arXiv",
      primaryClass   = "hep-ph",
      note           = "\href{https://arxiv.org/abs/0902.4154}{arXiv:0902.4154}",
      SLACcitation   = "%%CITATION = ARXIV:0902.4154;%%"
}

@article{NilssonAlmqvist:1986rx,
      author         = "Nilsson-Almqvist, Bo and Stenlund, Evert",
      title          = "{Interactions Between Hadrons and Nuclei: The Lund Monte
                        Carlo, Fritiof Version 1.6}",
      journal        = "Comput. Phys. Commun.",
      volume         = "43",
      year           = "1987",
      pages          = "387",
      doi            = "10.1016/0010-4655(87)90056-7",
      reportNumber   = "LU TP-86-14, LUIP-8604",
      SLACcitation   = "%%CITATION = CPHCB,43,387;%%"
}

@book{Wong:1995jf,
      author         = "Wong, C. Y.",
      title          = "{Introduction to high-energy heavy ion collisions}",
      journal        = "Singapore, Singapore: World Scientific (1994) 516 p",
      year           = "1995",
      reportNumber   = "ISBN-9789810202637",
      SLACcitation   = "%%CITATION = ISBN-9789810202637;%%"
}

@inproceedings{Skands:2011pf,
      author         = "Skands, Peter Z.",
      title          = "{QCD for Collider Physics}",
      booktitle      = "{High-energy Physics. Proceedings, 18th European School,
                        ESHEP 2010, Raseborg, Finland, 20 Jun. - 3 Jul., 2010}",
      url            = "http://inspirehep.net/record/896215/files/arXiv:1104.2863.pdf",
      year           = "2011",
      eprint         = "1104.2863",
      archivePrefix  = "arXiv",
      primaryClass   = "hep-ph",
      note           = "\href{https://arxiv.org/abs/1104.2863}{arXiv:1104.2863}",
      reportNumber   = "CERN-TH-2011-080, MCNET-11-13",
      SLACcitation   = "%%CITATION = ARXIV:1104.2863;%%"
}

@article{Andersson:1983ia,
      author         = "Andersson, Bo and Gustafson, G. and Ingelman, G. and Sjostrand, T.",
      title          = "{Parton Fragmentation and String Dynamics}",
      journal        = "Phys. Rept.",
      volume         = "97",
      year           = "1983",
      pages          = "31-145",
      doi            = "10.1016/0370-1573(83)90080-7",
      reportNumber   = "LU-TP-83-10",
      SLACcitation   = "%%CITATION = PRPLC,97,31;%%"
}

%note = "[Online, accessed 4-May-2016 File:Pseudorapidity2.png]",
@misc{Pseudorapidity2WikipediaEN,
    author = "Wikimedia Commons: JabberWok",
    title = "A graphic showing the relationship between angle and pseudorapidity.",
    year = "2007",
    note= {[Online, accessed 4-May-2016 File:Pseudorapidity2.png] \url{https://commons.wikimedia.org/wiki/File:Pseudorapidity2.png}}
}

@misc{StandardModelofElementaryParticles,
author = "Wikimedia Commons: MissMJ",
title = "Standard model of elementary particles.",
year = "2014",
note = {[Online, accessed 19-Jan-2016] \url{https://commons.wikimedia.org/wiki/File:Standard_Model_of_Elementary_Particles.svg}},
url = "[Online, accessed 19-Jan-2016 File:Standard Model of Elementary Particles.svg]"
}

@article{Festanti:2014foa,
      author         = "Festanti, Andrea",
      title          = "{Heavy-flavour production and nuclear modification factor
                        in Pb-Pb collisions at $\sqrt{s_{\rm NN}}$=2.76 TeV with
                        ALICE}",
      booktitle      = "{Proceedings, 24th International Conference on
                        Ultra-Relativistic Nucleus-Nucleus Collisions (Quark
                        Matter 2014)}",
      collaboration  = "ALICE",
      journal        = "Nucl. Phys.",
      volume         = "A931",
      year           = "2014",
      pages          = "514-519",
      doi            = "10.1016/j.nuclphysa.2014.07.044",
      eprint         = "1407.6541",
      archivePrefix  = "arXiv",
      primaryClass   = "nucl-ex",
      SLACcitation   = "%%CITATION = ARXIV:1407.6541;%%"
}

@article{Li:2014dha,
      author         = "Li, Shuang",
      title          = "{Measurements of the heavy-flavour nuclear modification
                        factor in p--Pb collisions at $\sqrt{s_{\rm NN}}$ = 5.02
                        TeV with ALICE at the LHC}",
      booktitle      = "{Proceedings, 24th International Conference on
                        Ultra-Relativistic Nucleus-Nucleus Collisions (Quark
                        Matter 2014)}",
      collaboration  = "ALICE",
      journal        = "Nucl. Phys.",
      volume         = "A931",
      year           = "2014",
      pages          = "546-551",
      doi            = "10.1016/j.nuclphysa.2014.08.067",
      eprint         = "1408.1915",
      archivePrefix  = "arXiv",
      primaryClass   = "hep-ex",
      SLACcitation   = "%%CITATION = ARXIV:1408.1915;%%"
}

@article{Lim:2014axa,
      author         = "Lim, Sanghoon",
      title          = "{Measurement of electrons from heavy-flavor decays from
                        $p+p$, $d+$Au, and Cu$+$Cu collisions in the PHENIX
                        experiment}",
      booktitle      = "{Proceedings, 24th International Conference on
                        Ultra-Relativistic Nucleus-Nucleus Collisions (Quark
                        Matter 2014)}",
      collaboration  = "PHENIX",
      journal        = "Nucl. Phys.",
      volume         = "A931",
      year           = "2014",
      pages          = "525-529",
      doi            = "10.1016/j.nuclphysa.2014.08.059",
      eprint         = "1408.3906",
      archivePrefix  = "arXiv",
      primaryClass   = "nucl-ex",
      SLACcitation   = "%%CITATION = ARXIV:1408.3906;%%"
}

@article{Khachatryan:2015uja,
      author         = "Khachatryan, Vardan and others",
      title          = "{Study of B Meson Production in p$+$Pb Collisions at
                        $\sqrt(s_{NN})=5.02$ TeV Using Exclusive Hadronic
                        Decays}",
      collaboration  = "CMS",
      journal        = "Phys. Rev. Lett.",
      volume         = "116",
      year           = "2016",
      number         = "3",
      pages          = "032301",
      doi            = "10.1103/PhysRevLett.116.032301",
      eprint         = "1508.06678",
      archivePrefix  = "arXiv",
      primaryClass   = "nucl-ex",
      note           = "\href{https://arxiv.org/abs/1508.06678}{arXiv:1508.06678}",
      reportNumber   = "CMS-HIN-14-004, CERN-PH-EP-2015-209",
      SLACcitation   = "%%CITATION = ARXIV:1508.06678;%%"
}

@article{Cacciari:1998it,
      author         = "Cacciari, Matteo and Greco, Mario and Nason, Paolo",
      title          = "{The p$_{T}$ spectrum in heavy flavor hadroproduction}",
      journal        = "JHEP",
      volume         = "05",
      year           = "1998",
      pages          = "007",
      doi            = "10.1088/1126-6708/1998/05/007",
      eprint         = "hep-ph/9803400",
      note           = "\href{https://arxiv.org/abs/hep-ph/9803400}{arXiv:hep-ph/9803400}",
      archivePrefix  = "arXiv",
      primaryClass   = "hep-ph",
      reportNumber   = "CERN-TH-98-77, LPTHE-ORSAY-98-11, IFUM-613-FT,
                        LNF-98-008-P",
      SLACcitation   = "%%CITATION = HEP-PH/9803400;%%"
}

@misc{FONLLwebpage,
    author = "Cacciari, Matteo",
    title = "{FONLL Heavy Quark Production.}",
    year = "2016",
    note = {\url{"http://www.lpthe.jussieu.fr/~cacciari/fonll/fonllform.html"}}
}

@article{Cacciari:2012ny,
      author         = "Cacciari, Matteo and Frixione, Stefano and Houdeau,
                        Nicolas and Mangano, Michelangelo L. and Nason, Paolo and
                        Ridolfi, Giovanni",
      title          = "{Theoretical predictions for charm and bottom production
                        at the LHC}",
      journal        = "JHEP",
      volume         = "10",
      year           = "2012",
      pages          = "137",
      doi            = "10.1007/JHEP10(2012)137",
      eprint         = "1205.6344",
      archivePrefix  = "arXiv",
      primaryClass   = "hep-ph",
      reportNumber   = "CERN-PH-TH-2011-227",
      SLACcitation   = "%%CITATION = ARXIV:1205.6344;%%"
}

@article{Cacciari:2005rk,
      author         = "Cacciari, Matteo and Nason, Paolo and Vogt, Ramona",
      title          = "{QCD predictions for charm and bottom production at
                        RHIC}",
      journal        = "Phys. Rev. Lett.",
      volume         = "95",
      year           = "2005",
      pages          = "122001",
      doi            = "10.1103/PhysRevLett.95.122001",
      eprint         = "hep-ph/0502203",
      note           = "\href{https://arxiv.org/abs/hep-ph/0502203}{arXiv:hep-ph/0502203}",
      archivePrefix  = "arXiv",
      primaryClass   = "hep-ph",
      reportNumber   = "LPTHE-05-03, BIOCOCCA-FT-05-4, LBNL-57063,
                        BICOCCA-FT-05-4",
      SLACcitation   = "%%CITATION = HEP-PH/0502203;%%"
}

@article{Bethke:2012jm,
      author         = "Bethke, Siegfried",
      title          = "{World Summary of $\alpha_s$ (2012)}",
      booktitle      = "{Proceedings, 16th International Conference on Quantum
                        Chromodynamics (QCD 12)}",
      year           = "2012",
      doi            = "10.1016/j.nuclphysbps.2012.12.020",
      note           = "[Nucl. Phys. Proc. Suppl.234,229(2013)] \href{https://arxiv.org/abs/1210.0325}{arXiv:1210.0325}",
      eprint         = "1210.0325",
      archivePrefix  = "arXiv",
      primaryClass   = "hep-ex",
      reportNumber   = "MPP-2012-132",
      SLACcitation   = "%%CITATION = ARXIV:1210.0325;%%"
}


@article{Abelev:2012xe,
      author         = "Abelev, Betty and others",
      title          = "{Measurement of electrons from semileptonic heavy-flavour
                        hadron decays in pp collisions at $\sqrt{s}$ = 7 TeV}",
      collaboration  = "ALICE",
      journal        = "Phys. Rev.",
      volume         = "D86",
      year           = "2012",
      pages          = "112007",
      doi            = "10.1103/PhysRevD.86.112007",
      eprint         = "1205.5423",
      archivePrefix  = "arXiv",
      primaryClass   = "hep-ex",
      reportNumber   = "CERN-PH-EP-2012-131",
      note           = "\href{https://arxiv.org/abs/1205.5423}{arXiv:1205.5423}",
      SLACcitation   = "%%CITATION = ARXIV:1205.5423;%%"
}

@article{Busser:1974ej,
      author         = "Busser, F. W. and others",
      title          = "{Observation of High Transverse Momentum Electrons at the
                        CERN ISR}",
      journal        = "Phys. Lett.",
      volume         = "B53",
      year           = "1974",
      pages          = "212-216",
      doi            = "10.1016/0370-2693(74)90535-8",
      reportNumber   = "Print-75-0018 (CERN)",
      SLACcitation   = "%%CITATION = PHLTA,B53,212;%%"
}

@article{Albajar:1990zu,
      author         = "Albajar, C. and others",
      title          = "{Beauty production at the CERN p anti-p collider}",
      collaboration  = "UA1",
      journal        = "Phys. Lett.",
      volume         = "B256",
      year           = "1991",
      pages          = "121-128",
      doi            = "10.1016/0370-2693(91)90228-I",
      note           = "[Erratum: Phys. Lett.B262,497(1991)]",
      reportNumber   = "CERN-PPE-90-155-REV, CERN-PPE-90-155",
      SLACcitation   = "%%CITATION = PHLTA,B256,121;%%"
}

@article{Botner:1989jg,
      author         = "Botner, O. and Eek, L. O. and Ekelof, T. and Fransson, K.
                        and Hallgren, A. and Kostarakis, P. and Lenzen, G. and
                        Lund-Jensen, B.",
      title          = "{Production of Prompt Electrons in the Charm $p_T$ Region
                        at $\sqrt{s}=630$-{GeV}}",
      booktitle      = "{Proceedings, International Symposium on Heavy Quark
                        Physics}",
      journal        = "Phys. Lett.",
      volume         = "B236",
      year           = "1990",
      pages          = "488",
      doi            = "10.1016/0370-2693(90)90389-N",
      reportNumber   = "CERN-EP-89-80",
      SLACcitation   = "%%CITATION = PHLTA,B236,488;%%"
}

@article{Adare:2010de,
      author         = "Adare, A. and others",
      title          = "{Heavy Quark Production in $p+p$ and Energy Loss and Flow
                        of Heavy Quarks in Au+Au Collisions at $\sqrt{s_{NN}}=200$
                        GeV}",
      collaboration  = "PHENIX",
      journal        = "Phys. Rev.",
      volume         = "C84",
      year           = "2011",
      pages          = "044905",
      doi            = "10.1103/PhysRevC.84.044905",
      eprint         = "1005.1627",
      archivePrefix  = "arXiv",
      primaryClass   = "nucl-ex",
      SLACcitation   = "%%CITATION = ARXIV:1005.1627;%%"
}

@article{Abachi:1994kj,
      author         = "Abachi, S. and others",
      title          = "{Inclusive $\mu$ and $B$ quark production cross-sections
                        in $p\bar{p}$ collisions at $\sqrt{s} = 1.8$ TeV}",
      collaboration  = "D0",
      journal        = "Phys. Rev. Lett.",
      volume         = "74",
      year           = "1995",
      pages          = "3548-3552",
      doi            = "10.1103/PhysRevLett.74.3548",
      reportNumber   = "FERMILAB-PUB-94-409-E",
      SLACcitation   = "%%CITATION = PRLTA,74,3548;%%"
}

@article{Abe:1993sj,
      author         = "Abe, F. and others",
      title          = "{Measurement of the bottom quark production cross-section
                        using semileptonic decay electrons in $p\bar{p}$
                        collisions at $\sqrt{s} = 1.8$ TeV}",
      collaboration  = "CDF",
      journal        = "Phys. Rev. Lett.",
      volume         = "71",
      year           = "1993",
      pages          = "500-504",
      doi            = "10.1103/PhysRevLett.71.500",
      reportNumber   = "FERMILAB-PUB-93-091-E, CDF-PUB-HEAVYFLAVOR-PUBLIC-1653,
                        ANL-HEP-PR-93-83",
      SLACcitation   = "%%CITATION = PRLTA,71,500;%%"
}

@article{Abe:1993hr,
      author         = "Abe, F. and others",
      title          = "{Measurement of bottom quark production in 1.8 TeV
                        $p\bar{p}$ collisions using semileptonic decay muons}",
      collaboration  = "CDF",
      journal        = "Phys. Rev. Lett.",
      volume         = "71",
      year           = "1993",
      pages          = "2396-2400",
      doi            = "10.1103/PhysRevLett.71.2396",
      reportNumber   = "FERMILAB-PUB-93-145-E",
      SLACcitation   = "%%CITATION = PRLTA,71,2396;%%"
}

@article{Nakamura:2010zzi,
      author         = "Nakamura, K. and others",
      title          = "{Review of particle physics}",
      collaboration  = "Particle Data Group",
      journal        = "J. Phys.",
      volume         = "G37",
      year           = "2010",
      pages          = "075021",
      doi            = "10.1088/0954-3899/37/7A/075021",
      reportNumber   = "FERMILAB-PUB-10-665-PPD",
      SLACcitation   = "%%CITATION = JPAGA,G37,075021;%%"
}

@article{Beringer:1900zz,
author         = "Beringer, J. and others",
title          = "{Review of Particle Physics (RPP)}",
collaboration  = "Particle Data Group",
journal        = "Phys. Rev.",
volume         = "D86",
year           = "2012",
pages          = "010001",
doi            = "10.1103/PhysRevD.86.010001",
reportNumber   = "SLAC-REPRINT-2014-001",
SLACcitation   = "%%CITATION = PHRVA,D86,010001;%%"
}

@article{Amsler:2008zzb,
author         = "Amsler, Claude and others",
title          = "{Review of Particle Physics}",
collaboration  = "Particle Data Group",
journal        = "Phys. Lett.",
volume         = "B667",
year           = "2008",
pages          = "1-1340",
doi            = "10.1016/j.physletb.2008.07.018",
SLACcitation   = "%%CITATION = PHLTA,B667,1;%%"
}

@misc{alimonitorRunTable,
    author = "ALICE Experiment",
    title = "{MonALISA Repository for ALICE. Run Condition Table}",
    year = "2013",
    note = "\url{https://alimonitor.cern.ch/configuration/}"
}

@article{Adam:2014qja,
      author         = "Adam, Jaroslav and others",
      title          = "{Centrality dependence of particle production in p-Pb
                        collisions at $\sqrt{s_{\rm NN} }$= 5.02 TeV}",
      collaboration  = "ALICE",
      journal        = "Phys. Rev.",
      volume         = "C91",
      year           = "2015",
      number         = "6",
      pages          = "064905",
      doi            = "10.1103/PhysRevC.91.064905",
      eprint         = "1412.6828",
      archivePrefix  = "arXiv",
      primaryClass   = "nucl-ex",
      note           = "\href{https://arxiv.org/abs/1412.6828}{arXiv:1412.6828}",
      reportNumber   = "CERN-PH-EP-2014-281",
      SLACcitation   = "%%CITATION = ARXIV:1412.6828;%%"
}

@article{Borghini:2006xh,
      author         = "Borghini, Nicolas and Gelis, Francois",
      title          = "{Distribution of multiple scatterings in proton-nucleus
                        collisions at high energy}",
      journal        = "Phys. Rev.",
      volume         = "D74",
      year           = "2006",
      pages          = "054025",
      doi            = "10.1103/PhysRevD.74.054025",
      eprint         = "hep-ph/0607098",
      note           = "\href{https://arxiv.org/abs/hep-ph/0607098}{arXiv:hep-ph/0607098}",
      archivePrefix  = "arXiv",
      primaryClass   = "hep-ph",
      reportNumber   = "CERN-PH-TH-2006-126, SPHT-T06-075",
      SLACcitation   = "%%CITATION = HEP-PH/0607098;%%"
}

@article{Schuler:1995sf,
      author         = "Schuler, Gerhard A.",
      title          = "{Production of heavy quarks and heavy quarkonia}",
      journal        = "Z. Phys.",
      volume         = "C71",
      year           = "1996",
      pages          = "317-328",
      doi            = "10.1007/BF02906990, 10.1007/s002880050177",
      eprint         = "hep-ph/9504242",
      note           = "\href{https://arxiv.org/abs/hep-ph/9504242}{arXiv:hep-ph/9504242}",
      archivePrefix  = "arXiv",
      primaryClass   = "hep-ph",
      reportNumber   = "CERN-TH-95-75, CERN-TH-95-075",
      SLACcitation   = "%%CITATION = HEP-PH/9504242;%%"
}

@article{Vogt:2004dh,
      author         = "Vogt, R.",
      title          = "{Shadowing and absorption effects on J/$\psi$ production in
                        dA collisions}",
      journal        = "Phys. Rev.",
      volume         = "C71",
      year           = "2005",
      pages          = "054902",
      doi            = "10.1103/PhysRevC.71.054902",
      eprint         = "hep-ph/0411378",
      archivePrefix  = "arXiv",
      primaryClass   = "hep-ph",
      reportNumber   = "LBNL-56656",
      SLACcitation   = "%%CITATION = HEP-PH/0411378;%%"
}

@article{Dellacasa:1999kf,
      author         = "Dellacasa, G. and others",
      title          = "{ALICE technical design report of the inner tracking system (ITS)}",
      collaboration  = "ALICE",
      year           = "1999",
      note   = "CERN-LHCC-99-12",
      SLACcitation   = "%%CITATION = CERN-LHCC-99-12;%%"
}

@article{Abbas:2013taa,
      author         = "Abbas, E. and others",
      title          = "{Performance of the ALICE VZERO system}",
      collaboration  = "ALICE",
      journal        = "JINST",
      volume         = "8",
      year           = "2013",
      pages          = "P10016",
      doi            = "10.1088/1748-0221/8/10/P10016",
      eprint         = "1306.3130",
      archivePrefix  = "arXiv",
      primaryClass   = "nucl-ex",
      note           = "\href{https://arxiv.org/abs/1306.3130}{arXiv:1306.3130}",
      reportNumber   = "CERN-PH-EP-2013-082",
      SLACcitation   = "%%CITATION = ARXIV:1306.3130;%%"
}

@article{Cortese:2004aa,
      author         = "Cortese, P and others",
      title          = "{ALICE technical design report on forward detectors: FMD,
                        T0 and V0}",
      collaboration  = "ALICE",
      year           = "2004",
      note = "CERN-LHCC-2004-025",
      reportNumber   = "CERN-LHCC-2004-025",
      SLACcitation   = "%%CITATION = CERN-LHCC-2004-025;%%"
}

@article{Sarkar:2010zza,
      author         = "Sarkar, Sourav and Satz, Helmut and Sinha, Bikash",
      title          = "{The physics of the quark-gluon plasma}",
      journal        = "Lect. Notes Phys.",
      volume         = "785",
      year           = "2010",
      pages          = "pp. 369",
      doi            = "10.1007/978-3-642-02286-9",
      SLACcitation   = "%%CITATION = LNPHA,785,pp. 369;%%"
}

@article{Adare:2015bua,
      author         = "Adare, A. and others",
      title          = "{Transverse energy production and charged-particle
                        multiplicity at midrapidity in various systems from
                        $\sqrt{s_{NN}}=7.7$ to 200 GeV}",
      collaboration  = "PHENIX",
      journal        = "Phys. Rev.",
      volume         = "C93",
      year           = "2016",
      number         = "2",
      pages          = "024901",
      doi            = "10.1103/PhysRevC.93.024901",
      eprint         = "1509.06727",
      note           = "\href{https://arxiv.org/abs/1509.06727}{arXiv:1509.06727}",
      archivePrefix  = "arXiv",
      primaryClass   = "nucl-ex",
      SLACcitation   = "%%CITATION = ARXIV:1509.06727;%%"
}
@article{Adam:2015qda,
      author         = "Adam, Jaroslav and others",
      title          = "{Measurement of electrons from heavy-flavour hadron
                        decays in p-Pb collisions at $\sqrt{s_{\rm NN}} =$ 5.02
                        TeV}",
      collaboration  = "ALICE",
      journal        = "Phys. Lett.",
      volume         = "B754",
      year           = "2016",
      pages          = "81-93",
      doi            = "10.1016/j.physletb.2015.12.067",
      eprint         = "1509.07491",
      archivePrefix  = "arXiv",
      primaryClass   = "nucl-ex",
      reportNumber   = "CERN-PH-EP-2015-262",
      note           = "\href{https://arxiv.org/abs/1509.07491}{arXiv:1509.07491}",
      SLACcitation   = "%%CITATION = ARXIV:1509.07491;%%"
}

@article{Abelev:2014hha,
      author         = "Abelev, Betty Bezverkhny and others",
      title          = "{Measurement of prompt $D$-meson production in $p-Pb$
                        collisions at $\sqrt{s_{NN}}$ = 5.02 TeV}",
      collaboration  = "ALICE",
      journal        = "Phys. Rev. Lett.",
      volume         = "113",
      year           = "2014",
      number         = "23",
      pages          = "232301",
      doi            = "10.1103/PhysRevLett.113.232301",
      eprint         = "1405.3452",
      archivePrefix  = "arXiv",
      primaryClass   = "nucl-ex",
      note           = "\href{https://arxiv.org/abs/1405.3452}{arXiv:1405.3452}",
      reportNumber   = "CERN-PH-EP-2014-090, CERN-PH-EP-2014-90,
                        ALICE-PUBLIC-2015-001",
      SLACcitation   = "%%CITATION = ARXIV:1405.3452;%%"
}

@article{Adam:2016ich,
      author         = "Adam, Jaroslav and others",
      title          = "{D-meson production in p-Pb collisions at $\sqrt{s_{\rm
                        NN}}=5.02$ TeV and in pp collisions at $\sqrt{s}=7$ TeV}",
      collaboration  = "ALICE",
      year           = "2016",
      eprint         = "1605.07569",
      archivePrefix  = "arXiv",
      primaryClass   = "nucl-ex",
      reportNumber   = "CERN-EP-2016-127",
      SLACcitation   = "%%CITATION = ARXIV:1605.07569;%%"
}

@article{Adare:2006nq,
      author         = "Adare, A. and others",
      title          = "{Energy Loss and Flow of Heavy Quarks in Au+Au Collisions
                        at $\sqrt{s_{NN}}$ = 200 GeV}",
      collaboration  = "PHENIX",
      journal        = "Phys. Rev. Lett.",
      volume         = "98",
      year           = "2007",
      pages          = "172301",
      doi            = "10.1103/PhysRevLett.98.172301",
      eprint         = "nucl-ex/0611018",
      note           = "\href{https://arxiv.org/abs/nucl-ex/0611018}{arXiv:nucl-ex/0611018}",
      archivePrefix  = "arXiv",
      primaryClass   = "nucl-ex",
      SLACcitation   = "%%CITATION = NUCL-EX/0611018;%%"
}

@inproceedings{Barlow:2002yb,
      author         = "Barlow, Roger",
      title          = "{Systematic errors: Facts and fictions}",
      booktitle      = "{Advanced Statistical Techniques in Particle Physics.
                        Proceedings, Conference, Durham, UK, March 18-22, 2002}",
      url            = "http://www.ippp.dur.ac.uk/Workshops/02/statistics/proceedings//barlow.pdf",
      year           = "2002",
      pages          = "134-144",
      eprint         = "hep-ex/0207026",
      archivePrefix  = "arXiv",
      primaryClass   = "hep-ex",
      note           = "\href{https://arxiv.org/abs/hep-ex/0207026}{arXiv:hep-ex/0207026}",
      reportNumber   = "MAN-HEP-02-01",
      SLACcitation   = "%%CITATION = HEP-EX/0207026;%%"
}

@misc{ShowerShapePage,
    author = "Godoy, Denise",
    title = "Shower Shape parameters",
    year = "2011",
    note = "[Private Alice TWiki page] \url{https://twiki.cern.ch/twiki/bin/viewauth/ALICE/ShowerShapeParameters}",
    url = "https://twiki.cern.ch/twiki/bin/viewauth/ALICE/ShowerShapeParameters"
}

@article{Kang:2014hha,
author         = "Kang, Zhong-Bo and Vitev, Ivan and Wang, Enke and Xing,
Hongxi and Zhang, Cheng",
title          = "{Multiple scattering effects on heavy meson production in
p+A collisions at backward rapidity}",
journal        = "Phys. Lett.",
volume         = "B740",
year           = "2015",
pages          = "23-29",
doi            = "10.1016/j.physletb.2014.11.024",
eprint         = "1409.2494",
note           = "\href{https://arxiv.org/abs/1409.2494}{arXiv:1409.2494}",
archivePrefix  = "arXiv",
primaryClass   = "hep-ph",
reportNumber   = "LA-UR-14-27010",
SLACcitation   = "%%CITATION = ARXIV:1409.2494;%%"
}

@article{Abelev:2014epa,
author         = "Abelev, Betty Bezverkhny and others",
title          = "{Measurement of visible cross sections in proton-lead
collisions at $\sqrt{s_{\rm NN}}$ = 5.02 TeV in van der
Meer scans with the ALICE detector}",
collaboration  = "ALICE",
journal        = "JINST",
volume         = "9",
year           = "2014",
number         = "11",
pages          = "P11003",
doi            = "10.1088/1748-0221/9/11/P11003",
eprint         = "1405.1849",
note           = "\href{https://arxiv.org/abs/1405.1849}{arXiv:1405.1849}",
archivePrefix  = "arXiv",
primaryClass   = "nucl-ex",
reportNumber   = "CERN-PH-EP-2014-087",
SLACcitation   = "%%CITATION = ARXIV:1405.1849;%%"
}

@article{Adam:2016wyz,
author         = "Adam, Jaroslav and others",
title          = "{Measurement of electrons from beauty-hadron decays in
p-Pb collisions at $\mathbf{\sqrt{s_{\rm NN}}=5.02}$ TeV
and Pb-Pb collisions at $\mathbf{\sqrt{s_{\rm NN}}=2.76}$
TeV}",
collaboration  = "ALICE",
year           = "2016",
eprint         = "1609.03898",
archivePrefix  = "arXiv",
primaryClass   = "nucl-ex",
reportNumber   = "CERN-EP-2016-222",
note           = "\href{https://arxiv.org/abs/1609.03898}{arXiv:1609.03898}",
SLACcitation   = "%%CITATION = ARXIV:1609.03898;%%"
}

@article{Sickles:2013yna,
      author         = "Sickles, Anne M.",
      title          = "{Possible Evidence for Radial Flow of Heavy Mesons in
                        d+Au Collisions}",
      journal        = "Phys. Lett.",
      volume         = "B731",
      year           = "2014",
      pages          = "51-56",
      doi            = "10.1016/j.physletb.2014.02.013",
      eprint         = "1309.6924",
      archivePrefix  = "arXiv",
      primaryClass   = "nucl-th",
      note           = "\href{https://arxiv.org/abs/1309.6924}{arXiv:1309.6924}",
      SLACcitation   = "%%CITATION = ARXIV:1309.6924;%%"
}

@article{Sharma:2009hn,
      author         = "Sharma, Rishi and Vitev, Ivan and Zhang, Ben-Wei",
      title          = "{Light-cone wave function approach to open heavy flavor
                        dynamics in QCD matter}",
      journal        = "Phys. Rev.",
      volume         = "C80",
      year           = "2009",
      pages          = "054902",
      doi            = "10.1103/PhysRevC.80.054902",
      eprint         = "0904.0032",
      note           = "\href{https://arxiv.org/abs/0904.0032}{arXiv:0904.0032}",
      archivePrefix  = "arXiv",
      primaryClass   = "hep-ph",
      SLACcitation   = "%%CITATION = ARXIV:0904.0032;%%"
}

@article{Adam:2016dau,
      author         = "Adam, Jaroslav and others",
      title          = "{Multiplicity dependence of charged pion, kaon, and
                        (anti)proton production at large transverse momentum in
                        p-Pb collisions at $\mathbf{\sqrt{{\textit s}_{\rm NN}}}$
                        = 5.02 TeV}",
      collaboration  = "ALICE",
      journal        = "Phys. Lett.",
      volume         = "B760",
      year           = "2016",
      pages          = "720-735",
      doi            = "10.1016/j.physletb.2016.07.050",
      eprint         = "1601.03658",
      note           = "\href{https://arxiv.org/abs/1601.03658}{arXiv:1601.03658}",
      archivePrefix  = "arXiv",
      primaryClass   = "nucl-ex",
      reportNumber   = "CERN-PH-EP-2016-003, CERN-EP-2016-003",
      SLACcitation   = "%%CITATION = ARXIV:1601.03658;%%"
}

@article{Miller:2007ri,
author         = "Miller, Michael L. and Reygers, Klaus and Sanders,
Stephen J. and Steinberg, Peter",
title          = "{Glauber modeling in high energy nuclear collisions}",
journal        = "Ann. Rev. Nucl. Part. Sci.",
volume         = "57",
year           = "2007",
pages          = "205-243",
doi            = "10.1146/annurev.nucl.57.090506.123020",
eprint         = "nucl-ex/0701025",
note           = "\href{https://arxiv.org/abs/nucl-ex/0701025}{arXiv:nucl-ex/0701025}",
archivePrefix  = "arXiv",
primaryClass   = "nucl-ex",
SLACcitation   = "%%CITATION = NUCL-EX/0701025;%%"
}

@article{ALICE:2011aa,
author         = "Abelev, B. and others",
title          = "{Measurement of charm production at central rapidity in
proton-proton collisions at $\sqrt{s} = 7$ TeV}",
collaboration  = "ALICE",
journal        = "JHEP",
volume         = "01",
year           = "2012",
pages          = "128",
doi            = "10.1007/JHEP01(2012)128",
eprint         = "1111.1553",
archivePrefix  = "arXiv",
primaryClass   = "hep-ex",
reportNumber   = "CERN-PH-EP-2011-181",
note           = "\href{https://arxiv.org/abs/1111.1553}{arXiv:1111.1553}",
SLACcitation   = "%%CITATION = ARXIV:1111.1553;%%"
}

@book{Griffiths:2008zz,
author         = "Griffiths, David",
title          = "{Introduction to elementary particles}",
journal        = "Weinheim, Germany: Wiley-VCH (2008) 454 p",
year           = "2008",
reportNumber   = "ISBN-9783527406012",
SLACcitation   = "%%CITATION = ISBN-9783527406012;%%"
}

@book{Halzen:1984mc,
author         = "Halzen, F. and Martin, Alan D.",
title          = "{Quarks and Leptions: An Introductory Course In Modern
Particle Physics}",
journal        = "New York, Usa: Wiley ( 1984) 396p",
year           = "1984",
reportNumber   = "ISBN-9780471887416",
ISBN           = "0471887412, 9780471887416",
SLACcitation   = "%%CITATION = ISBN-9780471887416;%%"
}

@article{Adcox:2004mh,
author         = "Adcox, K. and others",
title          = "{Formation of dense partonic matter in relativistic
nucleus-nucleus collisions at RHIC: Experimental
evaluation by the PHENIX collaboration}",
collaboration  = "PHENIX",
journal        = "Nucl. Phys.",
volume         = "A757",
year           = "2005",
pages          = "184-283",
doi            = "10.1016/j.nuclphysa.2005.03.086",
eprint         = "nucl-ex/0410003",
note           = "\href{https://arxiv.org/abs/nucl-ex/0410003}{arXiv:nucl-ex/0410003}",
archivePrefix  = "arXiv",
primaryClass   = "nucl-ex",
SLACcitation   = "%%CITATION = NUCL-EX/0410003;%%"
}

@article{Collins:1985gm,
author         = "Collins, John C. and Soper, Davison E. and Sterman,
George F.",
title          = "{Heavy Particle Production in High-Energy Hadron
Collisions}",
booktitle      = "{Oregon Workshop on Super High-energy Physics Eugene,
Oregon, March 18-August 15, 1985}",
journal        = "Nucl. Phys.",
volume         = "B263",
year           = "1986",
pages          = "37",
doi            = "10.1016/0550-3213(86)90026-X",
reportNumber   = "OITS-292, ANL-HEP-CP-85-68, C85-03-18.1",
SLACcitation   = "%%CITATION = NUPHA,B263,37;%%"
}

@phdthesis{Hornback,
title    = {A measurement of open charm using single muons at forward angles for p+p collisions at center of mass energy 200 GeV},
school   = {The University of Tennessee, Knoxville},
author   = {Hornback, Donald Eric},
year     = {2008},
}

@phdthesis{Bruinsma,
title    = {J/$\psi$ in pA - Performance of the First Level Trigger of HERA-B and Nuclear Effects in J/$\psi$ Production},
school   = {University of Utrecht},
author   = {Bruinsma, Maarten},
year     = {2002},
}

@article{Evans:2008zzb,
author         = "Evans, Lyndon and Bryant, Philip",
title          = "{LHC Machine}",
journal        = "JINST",
volume         = "3",
year           = "2008",
pages          = "S08001",
doi            = "10.1088/1748-0221/3/08/S08001",
SLACcitation   = "%%CITATION = JINST,3,S08001;%%"
}

@article{Aamodt:2008zz,
author         = "Aamodt, K. and others",
title          = "{The ALICE experiment at the CERN LHC}",
collaboration  = "ALICE",
journal        = "JINST",
volume         = "3",
year           = "2008",
pages          = "S08002",
doi            = "10.1088/1748-0221/3/08/S08002",
SLACcitation   = "%%CITATION = JINST,3,S08002;%%"
}

@InProceedings{Morales,
author =       {Yasser Corrales Morales},
title =        "{Identified hadron production and study of collective phenomena in p-Pb collisions at the LHC with ALICE}",
booktitle =    {4th International Conference on New Frontiers in Physics ICNFP2015},
year =         {2015},
note = {\url{https://indico.cern.ch/event/344173/contributions/1740589/attachments/1143630/1638915/150822_Crete_V2.pdf}}
}

@misc{ITSInlay,
author = "Jochen Thaeder",
title = "{3D ALICE Schematic - ITS inlay}",
year = "2012",
note = "\url{https://aliceinfo.cern.ch/Figure/node/3403}"
}

@misc{TPCImage,
author = "Francis Demange",
title = "Artistic picture of the Time Projection Chamber",
year = "2006",
note = "\url{http://aliceinfo.cern.ch/Public/en/Chapter2/Chap2_TPC.html}"
}

@misc{TPCTracks,
author = "ALICE",
title = "{7 TeV proton proton collisions expected for the 30 March 2010}",
year = "2010",
note = "\url{http://aliceinfo.cern.ch/Public/en/Chapter1/news2010.html}"
}

@misc{TPCdEdx,
author = "Alexander Philipp Kalweit",
title = "{TPC dE/dx distribution for p-Pb collisions}",
year = "2013",
note = "\href{https://aliceinfo.cern.ch/Figure/node/5321}{[ALI-PERF-60751]}",
url = "\url{https://aliceinfo.cern.ch/Figure/node/5321}"
}

@article{Dellacasa:2000bm,
author         = "Dellacasa, G. and others",
title          = "{ALICE: Technical design report of the time projection
chamber}",
collaboration  = "ALICE",
year           = "2000",
note   = "CERN-OPEN-2000-183, CERN-LHCC-2000-001",
SLACcitation   = "%%CITATION = CERN-OPEN-2000-183;%%"
}

@article{Alme:2010ke,
author         = "Alme, J. and others",
title          = "{The ALICE TPC, a large 3-dimensional tracking device
with fast readout for ultra-high multiplicity events}",
journal        = "Nucl. Instrum. Meth.",
volume         = "A622",
year           = "2010",
pages          = "316-367",
doi            = "10.1016/j.nima.2010.04.042",
eprint         = "1001.1950",
note           = "\href{https://arxiv.org/abs/1001.1950}{arXiv:1001.1950}",
archivePrefix  = "arXiv",
primaryClass   = "physics.ins-det",
SLACcitation   = "%%CITATION = ARXIV:1001.1950;%%"
}

@article{Fabjan:2003aq,
author         = "Fabjan, C. W. and Gianotti, F.",
title          = "{Calorimetry for particle physics}",
journal        = "Rev. Mod. Phys.",
volume         = "75",
year           = "2003",
pages          = "1243-1286",
doi            = "10.1103/RevModPhys.75.1243",
reportNumber   = "CERN-EP-2003-075",
SLACcitation   = "%%CITATION = RMPHA,75,1243;%%"
}

@article{Abeysekara:2010ze,
author         = "Abeysekara, U. and others",
title          = "{ALICE EMCal Physics Performance Report}",
collaboration  = "ALICE EMCal",
year           = "2010",
eprint         = "1008.0413",
note           = "\href{https://arxiv.org/abs/1008.0413}{arXiv:1008.0413}",
archivePrefix  = "arXiv",
primaryClass   = "physics.ins-det",
SLACcitation   = "%%CITATION = ARXIV:1008.0413;%%"
}

@article{Cortese:2008zza,
author         = "Cortese, P. and others",
title          = "{ALICE electromagnetic calorimeter technical design
report}",
collaboration  = "ALICE",
year           = "2008",
note  = "CERN-LHCC-2008-014, CERN-ALICE-TDR-014",
SLACcitation   = "%%CITATION = CERN-LHCC-2008-014;%%"
}

@article{akchurin2012hadron,
title={Hadron calorimetry},
author={Akchurin, Nural and Wigmans, Richard},
journal={Nuclear Instruments and Methods in Physics Research Section A: Accelerators, Spectrometers, Detectors and Associated Equipment},
volume={666},
pages={80--97},
year={2012},
publisher={Elsevier}
}

@techreport{green1993selected,
title={Selected topics in sampling calorimetry},
author={Green, Dan},
year={1993}
}

@misc{HadronicShower,
title = "Hadron Shower",
year = "2015",
note = "\url{http://mathsconcepts.com/node20.html}"
}

@article{Zhang:2014ioa,
author         = "Zhang, Fan and Muller, Hans and Awes, Terry. C and
Martoiu, Sorin and Kral, Jiri and Silvermyr, David and
Tarazona Martinez, Alfonso and Huang, Guangming and Zhou,
Daicui",
title          = "{Point-to-point readout for the ALICE EMCal detector}",
journal        = "Nucl. Instrum. Meth.",
volume         = "A735",
year           = "2014",
pages          = "157-162",
doi            = "10.1016/j.nima.2013.09.023",
SLACcitation   = "%%CITATION = NUIMA,A735,157;%%"
}

@article{Faivre:2011zz,
author         = "Faivre, Julien",
title          = "{Relative pre-calibration of the ALICE electromagnetic
calorimeter EMCAL}",
booktitle      = "{Proceedings,  14th International Conference on
Calorimetry in High Energy Physics (CALOR 2010): Beijing,
P.R. China, May 10-14, 2010}",
collaboration  = "ALICE",
journal        = "J. Phys. Conf. Ser.",
volume         = "293",
year           = "2011",
pages          = "012046",
doi            = "10.1088/1742-6596/293/1/012046",
SLACcitation   = "%%CITATION = 00462,293,012046;%%"
}

@phdthesis{Aronsson,
title    = {Cross section of bottom electrons in proton-proton collisions in the ALICE experiment},
school   = {Yale University},
author   = {Aronsson, Tomas Robert Prem-Raj},
year     = {2014},
}

@phdthesis{Zhu:2014oca,
author         = "Zhu, Xiangrong",
title          = "{Two-Particle Correlations with Neutral Pion and Direct
Photon Triggers in pp and Pb+Pb Collisions with ALICE at
the LHC}",
school         = "CCNU, Wuhan, Inst. Part. Phys.",
year           = "2014-03-20",
url            = "http://inspirehep.net/record/1339898/files/CERN-THESIS-2014-078.pdf",
reportNumber   = "CERN-THESIS-2014-078",
SLACcitation   = "%%CITATION = CERN-THESIS-2014-078;%%"
}

@article{Bourrion:2012vn,
author         = "Bourrion, O. and Arbor, N. and Conesa-Balbastre, G. and
Furget, C. and Guernane, R. and Marcotte, G.",
title          = "{The ALICE EMCal L1 trigger first year of operation
experience}",
booktitle      = "{Proceedings, Topical Workshop on Electronics for
Particle Physics (TWEPP12): Oxford, UK, September 17-21,
2012}",
collaboration  = "ALICE EMCal",
journal        = "JINST",
volume         = "8",
year           = "2013",
pages          = "C01013",
doi            = "10.1088/1748-0221/8/01/C01013",
eprint         = "1210.8078",
note           = "\href{https://arxiv.org/abs/1210.8078}{arXiv:1210.8078}",
archivePrefix  = "arXiv",
primaryClass   = "physics.ins-det",
SLACcitation   = "%%CITATION = ARXIV:1210.8078;%%"
}

@article{ALICE:2012xs,
author         = "Abelev, Betty and others",
title          = "{Pseudorapidity density of charged particles in $p$ + Pb
collisions at $\sqrt{s_{NN}}=5.02$ TeV}",
collaboration  = "ALICE",
journal        = "Phys. Rev. Lett.",
volume         = "110",
year           = "2013",
number         = "3",
pages          = "032301",
doi            = "10.1103/PhysRevLett.110.032301",
eprint         = "1210.3615",
archivePrefix  = "arXiv",
primaryClass   = "nucl-ex",
note           = "\href{https://arxiv.org/abs/1210.3615}{arXiv:1210.3615}",
reportNumber   = "CERN-PH-EP-2012-307",
SLACcitation   = "%%CITATION = ARXIV:1210.3615;%%"
}

@misc{EMCALTrack-Cluster,
author = "Michael Weber",
title = "{EMCAL Track-Cluster matching (2D)}",
year = "2012",
note = "[ALI-PERF-42973] \url{https://aliceinfo.cern.ch/Figure/node/3756}",
url = "\url{https://aliceinfo.cern.ch/Figure/node/3756}"
}

@misc{Non-HFEreconstruction,
author = "Cristiane Jahnke",
title = "{Non-HFE reconstruction efficiency in p-Pb collisions at 5.02 TeV MB}",
year = "2013",
note = "[ALI-PERF-52774] \url{https://aliceinfo.cern.ch/Figure/node/4683}",
url = "\url{https://aliceinfo.cern.ch/Figure/node/4683}"
}

@misc{TaggingEfficiency,
author = "Cristiane Jahnke",
title = "Tagging efficiency for photonic electrons",
year = "2015",
note = "[ALI-PREL-99468] \url{https://aliceinfo.cern.ch/Figure/node/8507}",
url = "\url{https://aliceinfo.cern.ch/Figure/node/8507}"
}

@article{Aad:2011rr,
author         = "Aad, Georges and others",
title          = "{Measurements of the electron and muon inclusive
cross-sections in proton-proton collisions at $\sqrt{s}=7$
TeV with the ATLAS detector}",
collaboration  = "ATLAS",
journal        = "Phys. Lett.",
volume         = "B707",
year           = "2012",
pages          = "438-458",
doi            = "10.1016/j.physletb.2011.12.054",
eprint         = "1109.0525",
archivePrefix  = "arXiv",
primaryClass   = "hep-ex",
reportNumber   = "CERN-PH-EP-2011-108",
SLACcitation   = "%%CITATION = ARXIV:1109.0525;%%"
}

@article{Abelev:2014gla,
author         = "Abelev, Betty Bezverkhny and others",
title          = "{Measurement of electrons from semileptonic heavy-flavor
hadron decays in $pp$ collisions at $\sqrt{s} = 2.76$
TeV}",
collaboration  = "ALICE",
journal        = "Phys. Rev.",
volume         = "D91",
year           = "2015",
number         = "1",
pages          = "012001",
doi            = "10.1103/PhysRevD.91.012001",
eprint         = "1405.4117",
archivePrefix  = "arXiv",
primaryClass   = "nucl-ex",
reportNumber   = "CERN-PH-EP-2014-097",
SLACcitation   = "%%CITATION = ARXIV:1405.4117;%%"
}

@misc{HFERAAPbPb,
author = "Andrea Dubla",
title = "{HFE RAA at low pT - Comparison with published high pT result and PHENIX measurements}",
year = "2016",
note = "[ALI-PREL-114340] \url{https://aliceinfo.cern.ch/Figure/node/9857}",
url = "\url{https://aliceinfo.cern.ch/Figure/node/9857}"
}
