% Christine's jet review paper
@article{Connors:2017ptx,
      author         = "Connors, Megan and Nattrass, Christine and Reed, Rosi and
                        Salur, Sevil",
      title          = "{Review of Jet Measurements in Heavy Ion Collisions}",
      year           = "2017",
      eprint         = "1705.01974",
      archivePrefix  = "arXiv",
      primaryClass   = "nucl-ex",
      SLACcitation   = "%%CITATION = ARXIV:1705.01974;%%"
}

% includes star pid capabilities
@article{0034-4885-73-11-116201,
  author={H J Hilke},
  title={Time projection chambers},
  journal={Reports on Progress in Physics},
  volume={73},
  number={11},
  pages={116201},
  url={http://stacks.iop.org/0034-4885/73/i=11/a=116201},
  year={2010},
  abstract={The time projection chamber (TPC) was originally proposed to permit full reconstruction of events of up to 20 particles at an electron–positron collider. It was intended to provide 3D information for tracking and momentum measurement together with particle identification by multiple ionization sampling, in a compact detector. This powerful combination soon found applications in other fields: at one extreme, for studies of rare events of simple structure; at the other, for heavy ion collisions, handling ever higher particle densities, finally up to several thousand tracks in a single event, still providing information on a track-to-track basis. Basic physics, performance and limitations of drift chambers in general will be discussed first. Then the characteristics of TPCs will be introduced, as well as their practical realization and performance. The development from the first TPC, 30 years ago, to the present day will be covered and followed by a few final comments on the ongoing studies for future applications.}
}

% star tpc and tof 2005
@article{Shao:2005iu,
      author         = "Shao, M. and Barannikova, Olga {\relax Yu}. and Dong, X.
                        and Fisyak, Y. and Ruan, L. and Sorensen, P. and Xu, Z.",
      title          = "{Extensive particle identification with TPC and TOF at
                        the STAR experiment}",
      journal        = "Nucl. Instrum. Meth.",
      volume         = "A558",
      year           = "2006",
      pages          = "419-429",
      doi            = "10.1016/j.nima.2005.11.251",
      eprint         = "nucl-ex/0505026",
      archivePrefix  = "arXiv",
      primaryClass   = "nucl-ex",
      SLACcitation   = "%%CITATION = NUCL-EX/0505026;%%"
}

% star tpc 2003
@article{Anderson:2003ur,
      author         = "Anderson, M. and others",
      title          = "{The Star time projection chamber: A Unique tool for
                        studying high multiplicity events at RHIC}",
      journal        = "Nucl. Instrum. Meth.",
      volume         = "A499",
      year           = "2003",
      pages          = "659-678",
      doi            = "10.1016/S0168-9002(02)01964-2",
      eprint         = "nucl-ex/0301015",
      archivePrefix  = "arXiv",
      primaryClass   = "nucl-ex",
      SLACcitation   = "%%CITATION = NUCL-EX/0301015;%%"
}
%\ STAR 200GeV ET results
@article{Adams:2004cb,
      author         = "Adams, J. and others",
      title          = "{Measurements of transverse energy distributions in Au +
                        Au collisions at s(NN)**(1/2) = 200-GeV}",
      collaboration  = "STAR",
      journal        = "Phys. Rev.",
      volume         = "C70",
      year           = "2004",
      pages          = "054907",
      doi            = "10.1103/PhysRevC.70.054907",
      eprint         = "nucl-ex/0407003",
      archivePrefix  = "arXiv",
      primaryClass   = "nucl-ex",
      SLACcitation   = "%%CITATION = NUCL-EX/0407003;%%"
}

%\ BES and recent results
@article{LUO201675,
title = "Exploring the QCD Phase Structure with Beam Energy Scan in Heavy-ion Collisions",
journal = "Nuclear Physics A",
volume = "956",
pages = "75 - 82",
year = "2016",
note = "The XXV International Conference on Ultrarelativistic Nucleus-Nucleus Collisions: Quark Matter 2015",
issn = "0375-9474",
doi = "https://doi.org/10.1016/j.nuclphysa.2016.03.025",
url = "http://www.sciencedirect.com/science/article/pii/S0375947416300112",
author = "Xiaofeng Luo",
keywords = "QCD Phase Structure, QCD Critical Point, Beam Energy Scan, Heavy-ion Collision, QCD Phase Transition"
}
%\ BES Program  	
@article{1742-6596-455-1-012037,
  author={Grazyna Odyniec},
  title={The RHIC Beam Energy Scan program in STAR and what's next ...},
  journal={Journal of Physics: Conference Series},
  volume={455},
  number={1},
  pages={012037},
  url={http://stacks.iop.org/1742-6596/455/i=1/a=012037},
  year={2013},
  abstract={In 2010, the Relativistic Heavy Ion Collider (RHIC) launched a multi-step experimental program to investigate the phase diagram of strongly interacting nuclear matter. The exploratory phase I of the Beam Energy Scan (BES) program was completed in 2011 with data sets ranging from 39 GeV down to 7.7 GeV. This, together with larger data sets at 62, 130 and 200 GeV, allowed for an initial look into the uncharted territory of QCD phase diagram. This diagram is considered to be the single most important graph of our field. All measurements taken by the STAR (Solenoidal Tracker At RHIC) detector at ##IMG## [http://ej.iop.org/images/1742-6596/455/1/012037/jpconf13_455_012037_eqn001.gif] below the RHIC injection energy are affected by large statistical errors, steeply increasing with decreased energy. Nevertheless, they allowed for the first time a direct study of the anticipated critical point and phase transition signatures. The plans and the preparation for phase II of the BES program, with one order of magnitude larger statistics, are discussed.}
}

%\ @phdthesis bit undefined so using @article
@phdthesis{phdthesisnattrass,
  author       = "Christine Nattrass", 
  title        = {System, energy, and flavor dependence of jets through di-hadron correlations in
heavy ion collisions},
  school       = {Yale University},
  year         = 2009,
%  address      = {The address of the publisher},
  month        = ,
%  note         = {An optional note}
}

%\ Bethe Bloch formula @misc but undefined so using @article
@article{bethe1953passage,
  title={Passage of radiations through matter Experimental Nuclear Physics vol 1 ed E Segre},
  author={Bethe, Hans A and Ashkin, Julius},
  year={1953},
  publisher={New York: Wiley}
}

% ALICE pT spectra
@article{Preghenella:2011vy,
      author         = "Preghenella, Roberto",
      title          = "{Transverse momentum spectra of identified charged
                        hadrons with the ALICE detector in Pb-Pb collisions at
                        $\sqrt{s_{NN}}$ = 2.76 TeV}",
      booktitle      = "{Proceedings, 21st International Europhysics Conference
                        on High energy physics (EPS-HEP 2011): Grenoble, France,
                        July 21-27, 2011}",
      collaboration  = "ALICE",
      journal        = "PoS",
      volume         = "EPS-HEP2011",
      year           = "2011",
      pages          = "118",
      eprint         = "1111.0763",
      archivePrefix  = "arXiv",
      primaryClass   = "nucl-ex",
      SLACcitation   = "%%CITATION = ARXIV:1111.0763;%%"
}

@article{2012ARNPS..62..361M,
   author = {{M{\"u}ller}, B. and {Schukraft}, J. and {Wys{\l}ouch}, B.},
    title = "{First Results from Pb+Pb Collisions at the LHC}",
  journal = {Annual Review of Nuclear and Particle Science},
archivePrefix = "arXiv",
   eprint = {1202.3233},
 primaryClass = "hep-ex",
     year = 2012,
    month = nov,
   volume = 62,
    pages = {361-386},
      doi = {10.1146/annurev-nucl-102711-094910},
   adsurl = {http://adsabs.harvard.edu/abs/2012ARNPS..62..361M},
  adsnote = {Provided by the SAO/NASA Astrophysics Data System}
}

@article{1742-6596-761-1-012066,
  author={Alejandro Ayala},
  title={Hadronic matter at the edge: A survey of some theoretical approaches to the physics of the QCD phase diagram},
  journal={Journal of Physics: Conference Series},
  volume={761},
  number={1},
  pages={012066},
  url={http://stacks.iop.org/1742-6596/761/i=1/a=012066},
  year={2016},
  abstract={In the past few years a wealth of high quality data has made possible to test current theoretical ideas about the properties of hadrons subject to extreme conditions of density and temperature. The relativistic heavy-ion program carried out at the CERN-SPS and under development at the BNL-RHIC and CERN-LHC has provided results that probe the evolution of collisions of hadronic matter at high energies from the initially large density to the late dilute stages. In addition, QCD on the lattice has produced results complementing these findings with first principles calculations for observables in a regime where perturbative techniques cannot describe the nature of strongly coupled systems. This work aims to review some recent developments that make use of field theoretical methods to describe the physics of hadrons at finite temperature and density. I concentrate on two of the main topics that have been explored in the last few years: (1) The search for the structure of the phase diagram and (2) analytical signals linked to the chiral symmetry restoration/deconfinement.}
}

@article{1742-6596-458-1-012024,
  author={Larry McLerran},
  title={The Color Glass Condensate, Glasma and the Quark Gluon Plasma in the Context of Recent pPb Results from LHC},
  journal={Journal of Physics: Conference Series},
  volume={458},
  number={1},
  pages={012024},
  url={http://stacks.iop.org/1742-6596/458/i=1/a=012024},
  year={2013},
  abstract={This paper describes some of the implications of the LHC pPb experimental results for understanding the Color Glass Condensate, the Glasma and the thermalized Quark Gluon Plasma. I attempt to outline the scientific issues, various possible explanations about what has been seen, and present ideas on how some of the alternative explanations might be resolved.}
}

@article{PhysRevLett.109.152303,
  title = {Measurement of the Pseudorapidity and Centrality Dependence of the Transverse Energy Density in Pb-Pb Collisions at $\sqrt{{s}_{\mathrm{NN}}}=2.76\text{ }\text{ }\mathrm{TeV}$},
  author = {Chatrchyan, S. and Khachatryan, V. and Sirunyan, A. M. and Tumasyan, A. and Adam, W. and Bergauer, T. and Dragicevic, M. and Er\"o, J. and Fabjan, C. and Friedl, M. and Fr\"uhwirth, R. and Ghete, V. M. and Hammer, J. and H\"ormann, N. and Hrubec, J. and Jeitler, M. and Kiesenhofer, W. and Kn\"unz, V. and Krammer, M. and Liko, D. and Mikulec, I. and Pernicka, M. and Rahbaran, B. and Rohringer, C. and Rohringer, H. and Sch\"ofbeck, R. and Strauss, J. and Taurok, A. and Wagner, P. and Waltenberger, W. and Walzel, G. and Widl, E. and Wulz, C.-E. and Mossolov, V. and Shumeiko, N. and Suarez Gonzalez, J. and Bansal, S. and Cornelis, T. and De Wolf, E. A. and Janssen, X. and Luyckx, S. and Maes, T. and Mucibello, L. and Ochesanu, S. and Roland, B. and Rougny, R. and Selvaggi, M. and Staykova, Z. and Van Haevermaet, H. and Van Mechelen, P. and Van Remortel, N. and Van Spilbeeck, A. and Blekman, F. and Blyweert, S. and D'Hondt, J. and Gonzalez Suarez, R. and Kalogeropoulos, A. and Maes, M. and Olbrechts, A. and Van Doninck, W. and Van Mulders, P. and Van Onsem, G. P. and Villella, I. and Clerbaux, B. and De Lentdecker, G. and Dero, V. and Gay, A. P. R. and Hreus, T. and L\'eonard, A. and Marage, P. E. and Reis, T. and Thomas, L. and Vander Velde, C. and Vanlaer, P. and Wang, J. and Adler, V. and Beernaert, K. and Cimmino, A. and Costantini, S. and Garcia, G. and Grunewald, M. and Klein, B. and Lellouch, J. and Marinov, A. and Mccartin, J. and Ocampo Rios, A. A. and Ryckbosch, D. and Strobbe, N. and Thyssen, F. and Tytgat, M. and Verwilligen, P. and Walsh, S. and Yazgan, E. and Zaganidis, N. and Basegmez, S. and Bruno, G. and Castello, R. and Ceard, L. and Delaere, C. and du Pree, T. and Favart, D. and Forthomme, L. and Giammanco, A. and Hollar, J. and Lemaitre, V. and Liao, J. and Militaru, O. and Nuttens, C. and Pagano, D. and Pin, A. and Piotrzkowski, K. and Schul, N. and Vizan Garcia, J. M. and Beliy, N. and Caebergs, T. and Daubie, E. and Hammad, G. H. and Alves, G. A. and Correa Martins Junior, M. and De Jesus Damiao, D. and Martins, T. and Pol, M. E. and Souza, M. H. G. and Ald\'a J\'unior, W. L. and Carvalho, W. and Cust\'odio, A. and Da Costa, E. M. and De Oliveira Martins, C. and Fonseca De Souza, S. and Matos Figueiredo, D. and Mundim, L. and Nogima, H. and Oguri, V. and Prado Da Silva, W. L. and Santoro, A. and Soares Jorge, L. and Sznajder, A. and Bernardes, C. A. and Dias, F. A. and Fernandez Perez Tomei, T. R. and Gregores, E. M. and Lagana, C. and Marinho, F. and Mercadante, P. G. and Novaes, S. F. and Padula, Sandra S. and Genchev, V. and Iaydjiev, P. and Piperov, S. and Rodozov, M. and Stoykova, S. and Sultanov, G. and Tcholakov, V. and Trayanov, R. and Vutova, M. and Dimitrov, A. and Hadjiiska, R. and Kozhuharov, V. and Litov, L. and Pavlov, B. and Petkov, P. and Bian, J. G. and Chen, G. M. and Chen, H. S. and Jiang, C. H. and Liang, D. and Liang, S. and Meng, X. and Tao, J. and Wang, J. and Wang, X. and Wang, Z. and Xiao, H. and Xu, M. and Zang, J. and Zhang, Z. and Asawatangtrakuldee, C. and Ban, Y. and Guo, S. and Guo, Y. and Li, W. and Liu, S. and Mao, Y. and Qian, S. J. and Teng, H. and Wang, S. and Zhu, B. and Zou, W. and Avila, C. and Gomez, J. P. and Gomez Moreno, B. and Osorio Oliveros, A. F. and Sanabria, J. C. and Godinovic, N. and Lelas, D. and Plestina, R. and Polic, D. and Puljak, I. and Antunovic, Z. and Kovac, M. and Brigljevic, V. and Duric, S. and Kadija, K. and Luetic, J. and Morovic, S. and Attikis, A. and Galanti, M. and Mavromanolakis, G. and Mousa, J. and Nicolaou, C. and Ptochos, F. and Razis, P. A. and Finger, M. and Finger, M. and Assran, Y. and Elgammal, S. and Ellithi Kamel, A. and Khalil, S. and Mahmoud, M. A. and Radi, A. and Kadastik, M. and M\"untel, M. and Raidal, M. and Rebane, L. and Tiko, A. and Azzolini, V. and Eerola, P. and Fedi, G. and Voutilainen, M. and H\"ark\"onen, J. and Heikkinen, A. and Karim\"aki, V. and Kinnunen, R. and Kortelainen, M. J. and Lamp\'en, T. and Lassila-Perini, K. and Lehti, S. and Lind\'en, T. and Luukka, P. and M\"aenp\"a\"a, T. and Peltola, T. and Tuominen, E. and Tuominiemi, J. and Tuovinen, E. and Ungaro, D. and Wendland, L. and Banzuzi, K. and Karjalainen, A. and Korpela, A. and Tuuva, T. and Besancon, M. and Choudhury, S. and Dejardin, M. and Denegri, D. and Fabbro, B. and Faure, J. L. and Ferri, F. and Ganjour, S. and Givernaud, A. and Gras, P. and Hamel de Monchenault, G. and Jarry, P. and Locci, E. and Malcles, J. and Millischer, L. and Nayak, A. and Rander, J. and Rosowsky, A. and Shreyber, I. and Titov, M. and Baffioni, S. and Beaudette, F. and Benhabib, L. and Bianchini, L. and Bluj, M. and Broutin, C. and Busson, P. and Charlot, C. and Daci, N. and Dahms, T. and Dobrzynski, L. and Granier de Cassagnac, R. and Haguenauer, M. and Min\'e, P. and Mironov, C. and Nguyen, M. and Ochando, C. and Paganini, P. and Sabes, D. and Salerno, R. and Sirois, Y. and Veelken, C. and Zabi, A. and Agram, J.-L. and Andrea, J. and Bloch, D. and Bodin, D. and Brom, J.-M. and Cardaci, M. and Chabert, E. C. and Collard, C. and Conte, E. and Drouhin, F. and Ferro, C. and Fontaine, J.-C. and Gel\'e, D. and Goerlach, U. and Juillot, P. and Le Bihan, A.-C. and Van Hove, P. and Fassi, F. and Mercier, D. and Beauceron, S. and Beaupere, N. and Bondu, O. and Boudoul, G. and Chasserat, J. and Chierici, R. and Contardo, D. and Depasse, P. and El Mamouni, H. and Fay, J. and Gascon, S. and Gouzevitch, M. and Ille, B. and Kurca, T. and Lethuillier, M. and Mirabito, L. and Perries, S. and Sordini, V. and Tosi, S. and Tschudi, Y. and Verdier, P. and Viret, S. and Tsamalaidze, Z. and Anagnostou, G. and Beranek, S. and Edelhoff, M. and Feld, L. and Heracleous, N. and Hindrichs, O. and Jussen, R. and Klein, K. and Merz, J. and Ostapchuk, A. and Perieanu, A. and Raupach, F. and Sammet, J. and Schael, S. and Sprenger, D. and Weber, H. and Wittmer, B. and Zhukov, V. and Ata, M. and Caudron, J. and Dietz-Laursonn, E. and Erdmann, M. and G\"uth, A. and Hebbeker, T. and Heidemann, C. and Hoepfner, K. and Klingebiel, D. and Kreuzer, P. and Lingemann, J. and Magass, C. and Merschmeyer, M. and Meyer, A. and Olschewski, M. and Papacz, P. and Pieta, H. and Reithler, H. and Schmitz, S. A. and Sonnenschein, L. and Steggemann, J. and Teyssier, D. and Weber, M. and Bontenackels, M. and Cherepanov, V. and Fl\"ugge, G. and Geenen, H. and Geisler, M. and Haj Ahmad, W. and Hoehle, F. and Kargoll, B. and Kress, T. and Kuessel, Y. and Nowack, A. and Perchalla, L. and Pooth, O. and Rennefeld, J. and Sauerland, P. and Stahl, A. and Aldaya Martin, M. and Behr, J. and Behrenhoff, W. and Behrens, U. and Bergholz, M. and Bethani, A. and Borras, K. and Burgmeier, A. and Cakir, A. and Calligaris, L. and Campbell, A. and Castro, E. and Costanza, F. and Dammann, D. and Diez Pardos, C. and Eckerlin, G. and Eckstein, D. and Flucke, G. and Geiser, A. and Glushkov, I. and Gunnellini, P. and Habib, S. and Hauk, J. and Jung, H. and Kasemann, M. and Katsas, P. and Kleinwort, C. and Kluge, H. and Knutsson, A. and Kr\"amer, M. and Kr\"ucker, D. and Kuznetsova, E. and Lange, W. and Lohmann, W. and Lutz, B. and Mankel, R. and Marfin, I. and Marienfeld, M. and Melzer-Pellmann, I.-A. and Meyer, A. B. and Mnich, J. and Mussgiller, A. and Naumann-Emme, S. and Olzem, J. and Perrey, H. and Petrukhin, A. and Pitzl, D. and Raspereza, A. and Ribeiro Cipriano, P. M. and Riedl, C. and Ron, E. and Rosin, M. and Salfeld-Nebgen, J. and Schmidt, R. and Schoerner-Sadenius, T. and Sen, N. and Spiridonov, A. and Stein, M. and Walsh, R. and Wissing, C. and Autermann, C. and Blobel, V. and Draeger, J. and Enderle, H. and Erfle, J. and Gebbert, U. and G\"orner, M. and Hermanns, T. and H\"oing, R. S. and Kaschube, K. and Kaussen, G. and Kirschenmann, H. and Klanner, R. and Lange, J. and Mura, B. and Nowak, F. and Peiffer, T. and Pietsch, N. and Sander, C. and Schettler, H. and Schleper, P. and Schlieckau, E. and Schmidt, A. and Schr\"oder, M. and Schum, T. and Sola, V. and Stadie, H. and Steinbr\"uck, G. and Thomsen, J. and Vanelderen, L. and Barth, C. and Berger, J. and Chwalek, T. and De Boer, W. and Dierlamm, A. and Feindt, M. and Guthoff, M. and Hackstein, C. and Hartmann, F. and Heinrich, M. and Held, H. and Hoffmann, K. H. and Honc, S. and Katkov, I. and Komaragiri, J. R. and Lobelle Pardo, P. and Martschei, D. and Mueller, S. and M\"uller, Th. and Niegel, M. and N\"urnberg, A. and Oberst, O. and Oehler, A. and Ott, J. and Quast, G. and Rabbertz, K. and Ratnikov, F. and Ratnikova, N. and R\"ocker, S. and Scheurer, A. and Schilling, F.-P. and Schott, G. and Simonis, H. J. and Stober, F. M. and Troendle, D. and Ulrich, R. and Wagner-Kuhr, J. and Weiler, T. and Zeise, M. and Daskalakis, G. and Geralis, T. and Kesisoglou, S. and Kyriakis, A. and Loukas, D. and Manolakos, I. and Markou, A. and Markou, C. and Mavrommatis, C. and Ntomari, E. and Gouskos, L. and Mertzimekis, T. J. and Panagiotou, A. and Saoulidou, N. and Evangelou, I. and Foudas, C. and Kokkas, P. and Manthos, N. and Papadopoulos, I. and Patras, V. and Bencze, G. and Hajdu, C. and Hidas, P. and Horvath, D. and Sikler, F. and Veszpremi, V. and Vesztergombi, G. and Beni, N. and Czellar, S. and Molnar, J. and Palinkas, J. and Szillasi, Z. and Karancsi, J. and Raics, P. and Trocsanyi, Z. L. and Ujvari, B. and Beri, S. B. and Bhatnagar, V. and Dhingra, N. and Gupta, R. and Jindal, M. and Kaur, M. and Mehta, M. Z. and Nishu, N. and Saini, L. K. and Sharma, A. and Singh, J. and Ahuja, S. and Bhardwaj, A. and Choudhary, B. C. and Kumar, A. and Kumar, A. and Malhotra, S. and Naimuddin, M. and Ranjan, K. and Sharma, V. and Shivpuri, R. K. and Banerjee, S. and Bhattacharya, S. and Dutta, S. and Gomber, B. and Jain, Sa. and Jain, Sh. and Khurana, R. and Sarkar, S. and Sharan, M. and Abdulsalam, A. and Choudhury, R. K. and Dutta, D. and Kailas, S. and Kumar, V. and Mehta, P. and Mohanty, A. K. and Pant, L. M. and Shukla, P. and Aziz, T. and Ganguly, S. and Guchait, M. and Maity, M. and Majumder, G. and Mazumdar, K. and Mohanty, G. B. and Parida, B. and Sudhakar, K. and Wickramage, N. and Banerjee, S. and Dugad, S. and Arfaei, H. and Bakhshiansohi, H. and Etesami, S. M. and Fahim, A. and Hashemi, M. and Hesari, H. and Jafari, A. and Khakzad, M. and Mohammadi Najafabadi, M. and Paktinat Mehdiabadi, S. and Safarzadeh, B. and Zeinali, M. and Abbrescia, M. and Barbone, L. and Calabria, C. and Chhibra, S. S. and Colaleo, A. and Creanza, D. and De Filippis, N. and De Palma, M. and Fiore, L. and Iaselli, G. and Lusito, L. and Maggi, G. and Maggi, M. and Marangelli, B. and My, S. and Nuzzo, S. and Pacifico, N. and Pompili, A. and Pugliese, G. and Selvaggi, G. and Silvestris, L. and Singh, G. and Zito, G. and Abbiendi, G. and Benvenuti, A. C. and Bonacorsi, D. and Braibant-Giacomelli, S. and Brigliadori, L. and Capiluppi, P. and Castro, A. and Cavallo, F. R. and Cuffiani, M. and Dallavalle, G. M. and Fabbri, F. and Fanfani, A. and Fasanella, D. and Giacomelli, P. and Grandi, C. and Guiducci, L. and Marcellini, S. and Masetti, G. and Meneghelli, M. and Montanari, A. and Navarria, F. L. and Odorici, F. and Perrotta, A. and Primavera, F. and Rossi, A. M. and Rovelli, T. and Siroli, G. and Travaglini, R. and Albergo, S. and Cappello, G. and Chiorboli, M. and Costa, S. and Potenza, R. and Tricomi, A. and Tuve, C. and Barbagli, G. and Ciulli, V. and Civinini, C. and D'Alessandro, R. and Focardi, E. and Frosali, S. and Gallo, E. and Gonzi, S. and Meschini, M. and Paoletti, S. and Sguazzoni, G. and Tropiano, A. and Benussi, L. and Bianco, S. and Colafranceschi, S. and Fabbri, F. and Piccolo, D. and Fabbricatore, P. and Musenich, R. and Benaglia, A. and De Guio, F. and Di Matteo, L. and Fiorendi, S. and Gennai, S. and Ghezzi, A. and Malvezzi, S. and Manzoni, R. A. and Martelli, A. and Massironi, A. and Menasce, D. and Moroni, L. and Paganoni, M. and Pedrini, D. and Ragazzi, S. and Redaelli, N. and Sala, S. and Tabarelli de Fatis, T. and Buontempo, S. and Carrillo Montoya, C. A. and Cavallo, N. and De Cosa, A. and Dogangun, O. and Fabozzi, F. and Iorio, A. O. M. and Lista, L. and Meola, S. and Merola, M. and Paolucci, P. and Azzi, P. and Bacchetta, N. and Bellan, P. and Bisello, D. and Branca, A. and Carlin, R. and Checchia, P. and Dorigo, T. and Dosselli, U. and Gasparini, F. and Gasparini, U. and Gozzelino, A. and Kanishchev, K. and Lacaprara, S. and Lazzizzera, I. and Margoni, M. and Meneguzzo, A. T. and Nespolo, M. and Ronchese, P. and Simonetto, F. and Torassa, E. and Vanini, S. and Zotto, P. and Zumerle, G. and Gabusi, M. and Ratti, S. P. and Riccardi, C. and Torre, P. and Vitulo, P. and Biasini, M. and Bilei, G. M. and Fan\`o, L. and Lariccia, P. and Lucaroni, A. and Mantovani, G. and Menichelli, M. and Nappi, A. and Romeo, F. and Saha, A. and Santocchia, A. and Taroni, S. and Azzurri, P. and Bagliesi, G. and Boccali, T. and Broccolo, G. and Castaldi, R. and D'Agnolo, R. T. and Dell'Orso, R. and Fiori, F. and Fo\`a, L. and Giassi, A. and Kraan, A. and Ligabue, F. and Lomtadze, T. and Martini, L. and Messineo, A. and Palla, F. and Rizzi, A. and Serban, A. T. and Spagnolo, P. and Squillacioti, P. and Tenchini, R. and Tonelli, G. and Venturi, A. and Verdini, P. G. and Barone, L. and Cavallari, F. and Del Re, D. and Diemoz, M. and Grassi, M. and Longo, E. and Meridiani, P. and Micheli, F. and Nourbakhsh, S. and Organtini, G. and Paramatti, R. and Rahatlou, S. and Sigamani, M. and Soffi, L. and Amapane, N. and Arcidiacono, R. and Argiro, S. and Arneodo, M. and Biino, C. and Cartiglia, N. and Costa, M. and Demaria, N. and Graziano, A. and Mariotti, C. and Maselli, S. and Migliore, E. and Monaco, V. and Musich, M. and Obertino, M. M. and Pastrone, N. and Pelliccioni, M. and Potenza, A. and Romero, A. and Ruspa, M. and Sacchi, R. and Solano, A. and Staiano, A. and Vilela Pereira, A. and Belforte, S. and Candelise, V. and Cossutti, F. and Della Ricca, G. and Gobbo, B. and Marone, M. and Montanino, D. and Penzo, A. and Schizzi, A. and Heo, S. G. and Kim, T. Y. and Nam, S. K. and Chang, S. and Kim, D. H. and Kim, G. N. and Kong, D. J. and Park, H. and Ro, S. R. and Son, D. C. and Son, T. and Kim, J. Y. and Kim, Zero J. and Song, S. and Choi, S. and Gyun, D. and Hong, B. and Jo, M. and Kim, H. and Kim, T. J. and Lee, K. S. and Moon, D. H. and Park, S. K. and Choi, M. and Kim, J. H. and Park, C. and Park, I. C. and Park, S. and Ryu, G. and Cho, Y. and Choi, Y. and Choi, Y. K. and Goh, J. and Kim, M. S. and Kwon, E. and Lee, B. and Lee, J. and Lee, S. and Seo, H. and Yu, I. and Bilinskas, M. J. and Grigelionis, I. and Janulis, M. and Juodagalvis, A. and Castilla-Valdez, H. and De La Cruz-Burelo, E. and Heredia-de La Cruz, I. and Lopez-Fernandez, R. and Maga\~na Villalba, R. and Mart\'{\i}nez-Ortega, J. and S\'anchez-Hern\'andez, A. and Villasenor-Cendejas, L. M. and Carrillo Moreno, S. and Vazquez Valencia, F. and Salazar Ibarguen, H. A. and Casimiro Linares, E. and Morelos Pineda, A. and Reyes-Santos, M. A. and Krofcheck, D. and Bell, A. J. and Butler, P. H. and Doesburg, R. and Reucroft, S. and Silverwood, H. and Ahmad, M. and Asghar, M. I. and Hoorani, H. R. and Khalid, S. and Khan, W. A. and Khurshid, T. and Qazi, S. and Shah, M. A. and Shoaib, M. and Bialkowska, H. and Boimska, B. and Frueboes, T. and Gokieli, R. and G\'orski, M. and Kazana, M. and Nawrocki, K. and Romanowska-Rybinska, K. and Szleper, M. and Wrochna, G. and Zalewski, P. and Brona, G. and Bunkowski, K. and Cwiok, M. and Dominik, W. and Doroba, K. and Kalinowski, A. and Konecki, M. and Krolikowski, J. and Almeida, N. and Bargassa, P. and David, A. and Faccioli, P. and Ferreira Parracho, P. G. and Gallinaro, M. and Seixas, J. and Varela, J. and Vischia, P. and Belotelov, I. and Bunin, P. and Gavrilenko, M. and Golutvin, I. and Gorbunov, I. and Kamenev, A. and Karjavin, V. and Kozlov, G. and Lanev, A. and Malakhov, A. and Moisenz, P. and Palichik, V. and Perelygin, V. and Shmatov, S. and Smirnov, V. and Volodko, A. and Zarubin, A. and Evstyukhin, S. and Golovtsov, V. and Ivanov, Y. and Kim, V. and Levchenko, P. and Murzin, V. and Oreshkin, V. and Smirnov, I. and Sulimov, V. and Uvarov, L. and Vavilov, S. and Vorobyev, A. and Vorobyev, An. and Andreev, Yu. and Dermenev, A. and Gninenko, S. and Golubev, N. and Kirsanov, M. and Krasnikov, N. and Matveev, V. and Pashenkov, A. and Tlisov, D. and Toropin, A. and Epshteyn, V. and Erofeeva, M. and Gavrilov, V. and Kossov, M. and Lychkovskaya, N. and Popov, V. and Safronov, G. and Semenov, S. and Stolin, V. and Vlasov, E. and Zhokin, A. and Belyaev, A. and Boos, E. and Ershov, A. and Gribushin, A. and Klyukhin, V. and Kodolova, O. and Korotkikh, V. and Lokhtin, I. and Markina, A. and Obraztsov, S. and Perfilov, M. and Petrushanko, S. and Popov, A. and Sarycheva, L. and Savrin, V. and Snigirev, A. and Vardanyan, I. and Andreev, V. and Azarkin, M. and Dremin, I. and Kirakosyan, M. and Leonidov, A. and Mesyats, G. and Rusakov, S. V. and Vinogradov, A. and Azhgirey, I. and Bayshev, I. and Bitioukov, S. and Grishin, V. and Kachanov, V. and Konstantinov, D. and Korablev, A. and Krychkine, V. and Petrov, V. and Ryutin, R. and Sobol, A. and Tourtchanovitch, L. and Troshin, S. and Tyurin, N. and Uzunian, A. and Volkov, A. and Adzic, P. and Djordjevic, M. and Ekmedzic, M. and Krpic, D. and Milosevic, J. and Aguilar-Benitez, M. and Alcaraz Maestre, J. and Arce, P. and Battilana, C. and Calvo, E. and Cerrada, M. and Chamizo Llatas, M. and Colino, N. and De La Cruz, B. and Delgado Peris, A. and Dom\'{\i}nguez V\'azquez, D. and Fernandez Bedoya, C. and Fern\'andez Ramos, J. P. and Ferrando, A. and Flix, J. and Fouz, M. C. and Garcia-Abia, P. and Gonzalez Lopez, O. and Goy Lopez, S. and Hernandez, J. M. and Josa, M. I. and Merino, G. and Puerta Pelayo, J. and Quintario Olmeda, A. and Redondo, I. and Romero, L. and Santaolalla, J. and Soares, M. S. and Willmott, C. and Albajar, C. and Codispoti, G. and de Troc\'oniz, J. F. and Brun, H. and Cuevas, J. and Fernandez Menendez, J. and Folgueras, S. and Gonzalez Caballero, I. and Lloret Iglesias, L. and Piedra Gomez, J. and Brochero Cifuentes, J. A. and Cabrillo, I. J. and Calderon, A. and Chuang, S. H. and Duarte Campderros, J. and Felcini, M. and Fernandez, M. and Gomez, G. and Gonzalez Sanchez, J. and Jorda, C. and Lopez Virto, A. and Marco, J. and Marco, R. and Martinez Rivero, C. and Matorras, F. and Munoz Sanchez, F. J. and Rodrigo, T. and Rodr\'{\i}guez-Marrero, A. Y. and Ruiz-Jimeno, A. and Scodellaro, L. and Sobron Sanudo, M. and Vila, I. and Vilar Cortabitarte, R. and Abbaneo, D. and Auffray, E. and Auzinger, G. and Baillon, P. and Ball, A. H. and Barney, D. and Benitez, J. F. and Bernet, C. and Bianchi, G. and Bloch, P. and Bocci, A. and Bonato, A. and Botta, C. and Breuker, H. and Camporesi, T. and Cerminara, G. and Christiansen, T. and Coarasa Perez, J. A. and D'Enterria, D. and Dabrowski, A. and De Roeck, A. and Di Guida, S. and Dobson, M. and Dupont-Sagorin, N. and Elliott-Peisert, A. and Frisch, B. and Funk, W. and Georgiou, G. and Giffels, M. and Gigi, D. and Gill, K. and Giordano, D. and Giunta, M. and Glege, F. and Gomez-Reino Garrido, R. and Govoni, P. and Gowdy, S. and Guida, R. and Hansen, M. and Harris, P. and Hartl, C. and Harvey, J. and Hegner, B. and Hinzmann, A. and Innocente, V. and Janot, P. and Kaadze, K. and Karavakis, E. and Kousouris, K. and Lecoq, P. and Lee, Y.-J. and Lenzi, P. and Louren\ifmmode \mbox{\c{c}}\else \c{c}\fi{}o, C. and M\"aki, T. and Malberti, M. and Malgeri, L. and Mannelli, M. and Masetti, L. and Meijers, F. and Mersi, S. and Meschi, E. and Moser, R. and Mozer, M. U. and Mulders, M. and Musella, P. and Nesvold, E. and Orimoto, T. and Orsini, L. and Palencia Cortezon, E. and Perez, E. and Perrozzi, L. and Petrilli, A. and Pfeiffer, A. and Pierini, M. and Pimi\"a, M. and Piparo, D. and Polese, G. and Quertenmont, L. and Racz, A. and Reece, W. and Rodrigues Antunes, J. and Rolandi, G. and Rommerskirchen, T. and Rovelli, C. and Rovere, M. and Sakulin, H. and Santanastasio, F. and Sch\"afer, C. and Schwick, C. and Segoni, I. and Sekmen, S. and Sharma, A. and Siegrist, P. and Silva, P. and Simon, M. and Sphicas, P. and Spiga, D. and Spiropulu, M. and Tsirou, A. and Veres, G. I. and Vlimant, J. R. and W\"ohri, H. K. and Worm, S. D. and Zeuner, W. D. and Bertl, W. and Deiters, K. and Erdmann, W. and Gabathuler, K. and Horisberger, R. and Ingram, Q. and Kaestli, H. C. and K\"onig, S. and Kotlinski, D. and Langenegger, U. and Meier, F. and Renker, D. and Rohe, T. and Sibille, J. and B\"ani, L. and Bortignon, P. and Buchmann, M. A. and Casal, B. and Chanon, N. and Deisher, A. and Dissertori, G. and Dittmar, M. and D\"unser, M. and Eugster, J. and Freudenreich, K. and Grab, C. and Hits, D. and Lecomte, P. and Lustermann, W. and Martinez Ruiz del Arbol, P. and Mohr, N. and Moortgat, F. and N\"ageli, C. and Nef, P. and Nessi-Tedaldi, F. and Pandolfi, F. and Pape, L. and Pauss, F. and Peruzzi, M. and Ronga, F. J. and Rossini, M. and Sala, L. and Sanchez, A. K. and Starodumov, A. and Stieger, B. and Takahashi, M. and Tauscher, L. and Thea, A. and Theofilatos, K. and Treille, D. and Urscheler, C. and Wallny, R. and Weber, H. A. and Wehrli, L. and Aguilo, E. and Amsler, C. and Chiochia, V. and De Visscher, S. and Favaro, C. and Ivova Rikova, M. and Millan Mejias, B. and Otiougova, P. and Robmann, P. and Snoek, H. and Tupputi, S. and Verzetti, M. and Chang, Y. H. and Chen, K. H. and Kuo, C. M. and Li, S. W. and Lin, W. and Liu, Z. K. and Lu, Y. J. and Mekterovic, D. and Singh, A. P. and Volpe, R. and Yu, S. S. and Bartalini, P. and Chang, P. and Chang, Y. H. and Chang, Y. W. and Chao, Y. and Chen, K. F. and Dietz, C. and Grundler, U. and Hou, W.-S. and Hsiung, Y. and Kao, K. Y. and Lei, Y. J. and Lu, R.-S. and Majumder, D. and Petrakou, E. and Shi, X. and Shiu, J. G. and Tzeng, Y. M. and Wan, X. and Wang, M. and Adiguzel, A. and Bakirci, M. N. and Cerci, S. and Dozen, C. and Dumanoglu, I. and Eskut, E. and Girgis, S. and Gokbulut, G. and Gurpinar, E. and Hos, I. and Kangal, E. E. and Karapinar, G. and Kayis Topaksu, A. and Onengut, G. and Ozdemir, K. and Ozturk, S. and Polatoz, A. and Sogut, K. and Sunar Cerci, D. and Tali, B. and Topakli, H. and Vergili, L. N. and Vergili, M. and Akin, I. V. and Aliev, T. and Bilin, B. and Bilmis, S. and Deniz, M. and Gamsizkan, H. and Guler, A. M. and Ocalan, K. and Ozpineci, A. and Serin, M. and Sever, R. and Surat, U. E. and Yalvac, M. and Yildirim, E. and Zeyrek, M. and G\"ulmez, E. and Isildak, B. and Kaya, M. and Kaya, O. and Ozkorucuklu, S. and Sonmez, N. and Cankocak, K. and Levchuk, L. and Bostock, F. and Brooke, J. J. and Clement, E. and Cussans, D. and Flacher, H. and Frazier, R. and Goldstein, J. and Grimes, M. and Heath, G. P. and Heath, H. F. and Kreczko, L. and Metson, S. and Newbold, D. M. and Nirunpong, K. and Poll, A. and Senkin, S. and Smith, V. J. and Williams, T. and Basso, L. and Bell, K. W. and Belyaev, A. and Brew, C. and Brown, R. M. and Cockerill, D. J. A. and Coughlan, J. A. and Harder, K. and Harper, S. and Jackson, J. and Kennedy, B. W. and Olaiya, E. and Petyt, D. and Radburn-Smith, B. C. and Shepherd-Themistocleous, C. H. and Tomalin, I. R. and Womersley, W. J. and Bainbridge, R. and Ball, G. and Beuselinck, R. and Buchmuller, O. and Colling, D. and Cripps, N. and Cutajar, M. and Dauncey, P. and Davies, G. and Della Negra, M. and Ferguson, W. and Fulcher, J. and Futyan, D. and Gilbert, A. and Guneratne Bryer, A. and Hall, G. and Hatherell, Z. and Hays, J. and Iles, G. and Jarvis, M. and Karapostoli, G. and Lyons, L. and Magnan, A.-M. and Marrouche, J. and Mathias, B. and Nandi, R. and Nash, J. and Nikitenko, A. and Papageorgiou, A. and Pela, J. and Pesaresi, M. and Petridis, K. and Pioppi, M. and Raymond, D. M. and Rogerson, S. and Rose, A. and Ryan, M. J. and Seez, C. and Sharp, P. and Sparrow, A. and Stoye, M. and Tapper, A. and Vazquez Acosta, M. and Virdee, T. and Wakefield, S. and Wardle, N. and Whyntie, T. and Chadwick, M. and Cole, J. E. and Hobson, P. R. and Khan, A. and Kyberd, P. and Leslie, D. and Martin, W. and Reid, I. D. and Symonds, P. and Teodorescu, L. and Turner, M. and Hatakeyama, K. and Liu, H. and Scarborough, T. and Charaf, O. and Henderson, C. and Rumerio, P. and Avetisyan, A. and Bose, T. and Fantasia, C. and Heister, A. and St. John, J. and Lawson, P. and Lazic, D. and Rohlf, J. and Sperka, D. and Sulak, L. and Alimena, J. and Bhattacharya, S. and Cutts, D. and Ferapontov, A. and Heintz, U. and Jabeen, S. and Kukartsev, G. and Laird, E. and Landsberg, G. and Luk, M. and Narain, M. and Nguyen, D. and Segala, M. and Sinthuprasith, T. and Speer, T. and Tsang, K. V. and Breedon, R. and Breto, G. and Calderon De La Barca Sanchez, M. and Chauhan, S. and Chertok, M. and Conway, J. and Conway, R. and Cox, P. T. and Dolen, J. and Erbacher, R. and Gardner, M. and Houtz, R. and Ko, W. and Kopecky, A. and Lander, R. and Miceli, T. and Pellett, D. and Rutherford, B. and Searle, M. and Smith, J. and Squires, M. and Tripathi, M. and Vasquez Sierra, R. and Andreev, V. and Cline, D. and Cousins, R. and Duris, J. and Erhan, S. and Everaerts, P. and Farrell, C. and Hauser, J. and Ignatenko, M. and Plager, C. and Rakness, G. and Schlein, P. and Tucker, J. and Valuev, V. and Weber, M. and Babb, J. and Clare, R. and Dinardo, M. E. and Ellison, J. and Gary, J. W. and Giordano, F. and Hanson, G. and Jeng, G. Y. and Liu, H. and Long, O. R. and Luthra, A. and Nguyen, H. and Paramesvaran, S. and Sturdy, J. and Sumowidagdo, S. and Wilken, R. and Wimpenny, S. and Andrews, W. and Branson, J. G. and Cerati, G. B. and Cittolin, S. and Evans, D. and Golf, F. and Holzner, A. and Kelley, R. and Lebourgeois, M. and Letts, J. and Macneill, I. and Mangano, B. and Padhi, S. and Palmer, C. and Petrucciani, G. and Pieri, M. and Sani, M. and Sharma, V. and Simon, S. and Sudano, E. and Tadel, M. and Tu, Y. and Vartak, A. and Wasserbaech, S. and W\"urthwein, F. and Yagil, A. and Yoo, J. and Barge, D. and Bellan, R. and Campagnari, C. and D'Alfonso, M. and Danielson, T. and Flowers, K. and Geffert, P. and Incandela, J. and Justus, C. and Kalavase, P. and Koay, S. A. and Kovalskyi, D. and Krutelyov, V. and Lowette, S. and Mccoll, N. and Pavlunin, V. and Rebassoo, F. and Ribnik, J. and Richman, J. and Rossin, R. and Stuart, D. and To, W. and West, C. and Apresyan, A. and Bornheim, A. and Chen, Y. and Di Marco, E. and Duarte, J. and Gataullin, M. and Ma, Y. and Mott, A. and Newman, H. B. and Rogan, C. and Timciuc, V. and Traczyk, P. and Veverka, J. and Wilkinson, R. and Yang, Y. and Zhu, R. Y. and Akgun, B. and Carroll, R. and Ferguson, T. and Iiyama, Y. and Jang, D. W. and Liu, Y. F. and Paulini, M. and Vogel, H. and Vorobiev, I. and Cumalat, J. P. and Drell, B. R. and Edelmaier, C. J. and Ford, W. T. and Gaz, A. and Heyburn, B. and Luiggi Lopez, E. and Smith, J. G. and Stenson, K. and Ulmer, K. A. and Wagner, S. R. and Alexander, J. and Chatterjee, A. and Eggert, N. and Gibbons, L. K. and Heltsley, B. and Khukhunaishvili, A. and Kreis, B. and Mirman, N. and Nicolas Kaufman, G. and Patterson, J. R. and Ryd, A. and Salvati, E. and Sun, W. and Teo, W. D. and Thom, J. and Thompson, J. and Vaughan, J. and Weng, Y. and Winstrom, L. and Wittich, P. and Winn, D. and Abdullin, S. and Albrow, M. and Anderson, J. and Bauerdick, L. A. T. and Beretvas, A. and Berryhill, J. and Bhat, P. C. and Bloch, I. and Burkett, K. and Butler, J. N. and Chetluru, V. and Cheung, H. W. K. and Chlebana, F. and Elvira, V. D. and Fisk, I. and Freeman, J. and Gao, Y. and Green, D. and Gutsche, O. and Hanlon, J. and Harris, R. M. and Hirschauer, J. and Hooberman, B. and Jindariani, S. and Johnson, M. and Joshi, U. and Kilminster, B. and Klima, B. and Kunori, S. and Kwan, S. and Leonidopoulos, C. and Lincoln, D. and Lipton, R. and Lykken, J. and Maeshima, K. and Marraffino, J. M. and Maruyama, S. and Mason, D. and McBride, P. and Mishra, K. and Mrenna, S. and Musienko, Y. and Newman-Holmes, C. and O'Dell, V. and Prokofyev, O. and Sexton-Kennedy, E. and Sharma, S. and Spalding, W. J. and Spiegel, L. and Tan, P. and Taylor, L. and Tkaczyk, S. and Tran, N. V. and Uplegger, L. and Vaandering, E. W. and Vidal, R. and Whitmore, J. and Wu, W. and Yang, F. and Yumiceva, F. and Yun, J. C. and Acosta, D. and Avery, P. and Bourilkov, D. and Chen, M. and Das, S. and De Gruttola, M. and Di Giovanni, G. P. and Dobur, D. and Drozdetskiy, A. and Field, R. D. and Fisher, M. and Fu, Y. and Furic, I. K. and Gartner, J. and Hugon, J. and Kim, B. and Konigsberg, J. and Korytov, A. and Kropivnitskaya, A. and Kypreos, T. and Low, J. F. and Matchev, K. and Milenovic, P. and Mitselmakher, G. and Muniz, L. and Remington, R. and Rinkevicius, A. and Sellers, P. and Skhirtladze, N. and Snowball, M. and Yelton, J. and Zakaria, M. and Gaultney, V. and Lebolo, L. M. and Linn, S. and Markowitz, P. and Martinez, G. and Rodriguez, J. L. and Adams, T. and Askew, A. and Bochenek, J. and Chen, J. and Diamond, B. and Gleyzer, S. V. and Haas, J. and Hagopian, S. and Hagopian, V. and Jenkins, M. and Johnson, K. F. and Prosper, H. and Veeraraghavan, V. and Weinberg, M. and Baarmand, M. M. and Dorney, B. and Hohlmann, M. and Kalakhety, H. and Vodopiyanov, I. and Adams, M. R. and Anghel, I. M. and Apanasevich, L. and Bai, Y. and Bazterra, V. E. and Betts, R. R. and Bucinskaite, I. and Callner, J. and Cavanaugh, R. and Dragoiu, C. and Evdokimov, O. and Gauthier, L. and Gerber, C. E. and Hofman, D. J. and Khalatyan, S. and Lacroix, F. and Malek, M. and O'Brien, C. and Silkworth, C. and Strom, D. and Varelas, N. and Akgun, U. and Albayrak, E. A. and Bilki, B. and Clarida, W. and Duru, F. and Griffiths, S. and Merlo, J.-P. and Mermerkaya, H. and Mestvirishvili, A. and Moeller, A. and Nachtman, J. and Newsom, C. R. and Norbeck, E. and Onel, Y. and Ozok, F. and Sen, S. and Tiras, E. and Wetzel, J. and Yetkin, T. and Yi, K. and Barnett, B. A. and Blumenfeld, B. and Bolognesi, S. and Fehling, D. and Giurgiu, G. and Gritsan, A. V. and Guo, Z. J. and Hu, G. and Maksimovic, P. and Rappoccio, S. and Swartz, M. and Whitbeck, A. and Baringer, P. and Bean, A. and Benelli, G. and Grachov, O. and Kenny Iii, R. P. and Murray, M. and Noonan, D. and Sanders, S. and Stringer, R. and Tinti, G. and Wood, J. S. and Zhukova, V. and Barfuss, A. F. and Bolton, T. and Chakaberia, I. and Ivanov, A. and Khalil, S. and Makouski, M. and Maravin, Y. and Shrestha, S. and Svintradze, I. and Gronberg, J. and Lange, D. and Wright, D. and Baden, A. and Boutemeur, M. and Calvert, B. and Eno, S. C. and Gomez, J. A. and Hadley, N. J. and Kellogg, R. G. and Kirn, M. and Kolberg, T. and Lu, Y. and Marionneau, M. and Mignerey, A. C. and Peterman, A. and Skuja, A. and Temple, J. and Tonjes, M. B. and Tonwar, S. C. and Twedt, E. and Bauer, G. and Bendavid, J. and Busza, W. and Butz, E. and Cali, I. A. and Chan, M. and Dutta, V. and Gomez Ceballos, G. and Goncharov, M. and Hahn, K. A. and Kim, Y. and Klute, M. and Krajczar, K. and Li, W. and Luckey, P. D. and Ma, T. and Nahn, S. and Paus, C. and Ralph, D. and Roland, C. and Roland, G. and Rudolph, M. and Stephans, G. S. F. and St\"ockli, F. and Sumorok, K. and Sung, K. and Velicanu, D. and Wenger, E. A. and Wolf, R. and Wyslouch, B. and Xie, S. and Yang, M. and Yilmaz, Y. and Yoon, A. S. and Zanetti, M. and Cooper, S. I. and Dahmes, B. and De Benedetti, A. and Franzoni, G. and Gude, A. and Kao, S. C. and Klapoetke, K. and Kubota, Y. and Mans, J. and Pastika, N. and Rusack, R. and Sasseville, M. and Singovsky, A. and Tambe, N. and Turkewitz, J. and Cremaldi, L. M. and Kroeger, R. and Perera, L. and Rahmat, R. and Sanders, D. A. and Avdeeva, E. and Bloom, K. and Bose, S. and Butt, J. and Claes, D. R. and Dominguez, A. and Eads, M. and Keller, J. and Kravchenko, I. and Lazo-Flores, J. and Malbouisson, H. and Malik, S. and Snow, G. R. and Baur, U. and Godshalk, A. and Iashvili, I. and Jain, S. and Kharchilava, A. and Kumar, A. and Shipkowski, S. P. and Smith, K. and Alverson, G. and Barberis, E. and Baumgartel, D. and Chasco, M. and Haley, J. and Nash, D. and Trocino, D. and Wood, D. and Zhang, J. and Anastassov, A. and Kubik, A. and Mucia, N. and Odell, N. and Ofierzynski, R. A. and Pollack, B. and Pozdnyakov, A. and Schmitt, M. and Stoynev, S. and Velasco, M. and Won, S. and Antonelli, L. and Berry, D. and Brinkerhoff, A. and Hildreth, M. and Jessop, C. and Karmgard, D. J. and Kolb, J. and Lannon, K. and Luo, W. and Lynch, S. and Marinelli, N. and Morse, D. M. and Pearson, T. and Ruchti, R. and Slaunwhite, J. and Valls, N. and Wayne, M. and Wolf, M. and Bylsma, B. and Durkin, L. S. and Hill, C. and Hughes, R. and Kotov, K. and Ling, T. Y. and Puigh, D. and Rodenburg, M. and Vuosalo, C. and Williams, G. and Winer, B. L. and Adam, N. and Berry, E. and Elmer, P. and Gerbaudo, D. and Halyo, V. and Hebda, P. and Hegeman, J. and Hunt, A. and Jindal, P. and Lopes Pegna, D. and Lujan, P. and Marlow, D. and Medvedeva, T. and Mooney, M. and Olsen, J. and Pirou\'e, P. and Quan, X. and Raval, A. and Safdi, B. and Saka, H. and Stickland, D. and Tully, C. and Werner, J. S. and Zuranski, A. and Acosta, J. G. and Brownson, E. and Huang, X. T. and Lopez, A. and Mendez, H. and Oliveros, S. and Ramirez Vargas, J. E. and Zatserklyaniy, A. and Alagoz, E. and Barnes, V. E. and Benedetti, D. and Bolla, G. and Bortoletto, D. and De Mattia, M. and Everett, A. and Hu, Z. and Jones, M. and Koybasi, O. and Kress, M. and Laasanen, A. T. and Leonardo, N. and Maroussov, V. and Merkel, P. and Miller, D. H. and Neumeister, N. and Shipsey, I. and Silvers, D. and Svyatkovskiy, A. and Vidal Marono, M. and Yoo, H. D. and Zablocki, J. and Zheng, Y. and Guragain, S. and Parashar, N. and Adair, A. and Boulahouache, C. and Ecklund, K. M. and Geurts, F. J. M. and Padley, B. P. and Redjimi, R. and Roberts, J. and Zabel, J. and Betchart, B. and Bodek, A. and Chung, Y. S. and Covarelli, R. and de Barbaro, P. and Demina, R. and Eshaq, Y. and Garcia-Bellido, A. and Goldenzweig, P. and Han, J. and Harel, A. and Miner, D. C. and Vishnevskiy, D. and Zielinski, M. and Bhatti, A. and Ciesielski, R. and Demortier, L. and Goulianos, K. and Lungu, G. and Malik, S. and Mesropian, C. and Arora, S. and Barker, A. and Chou, J. P. and Contreras-Campana, C. and Contreras-Campana, E. and Duggan, D. and Ferencek, D. and Gershtein, Y. and Gray, R. and Halkiadakis, E. and Hidas, D. and Lath, A. and Panwalkar, S. and Park, M. and Patel, R. and Rekovic, V. and Robles, J. and Rose, K. and Salur, S. and Schnetzer, S. and Seitz, C. and Somalwar, S. and Stone, R. and Thomas, S. and Cerizza, G. and Hollingsworth, M. and Spanier, S. and Yang, Z. C. and York, A. and Eusebi, R. and Flanagan, W. and Gilmore, J. and Kamon, T. and Khotilovich, V. and Montalvo, R. and Osipenkov, I. and Pakhotin, Y. and Perloff, A. and Roe, J. and Safonov, A. and Sakuma, T. and Sengupta, S. and Suarez, I. and Tatarinov, A. and Toback, D. and Akchurin, N. and Damgov, J. and Dudero, P. R. and Jeong, C. and Kovitanggoon, K. and Lee, S. W. and Libeiro, T. and Roh, Y. and Volobouev, I. and Appelt, E. and Florez, C. and Greene, S. and Gurrola, A. and Johns, W. and Johnston, C. and Kurt, P. and Maguire, C. and Melo, A. and Sheldon, P. and Snook, B. and Tuo, S. and Velkovska, J. and Arenton, M. W. and Balazs, M. and Boutle, S. and Cox, B. and Francis, B. and Goodell, J. and Hirosky, R. and Ledovskoy, A. and Lin, C. and Neu, C. and Wood, J. and Yohay, R. and Gollapinni, S. and Harr, R. and Karchin, P. E. and Kottachchi Kankanamge Don, C. and Lamichhane, P. and Sakharov, A. and Anderson, M. and Bachtis, M. and Belknap, D. and Borrello, L. and Carlsmith, D. and Cepeda, M. and Dasu, S. and Gray, L. and Grogg, K. S. and Grothe, M. and Hall-Wilton, R. and Herndon, M. and Herv\'e, A. and Klabbers, P. and Klukas, J. and Lanaro, A. and Lazaridis, C. and Leonard, J. and Loveless, R. and Mohapatra, A. and Ojalvo, I. and Palmonari, F. and Pierro, G. A. and Ross, I. and Savin, A. and Smith, W. H. and Swanson, J.},
  collaboration = {CMS Collaboration},
  journal = {Phys. Rev. Lett.},
  volume = {109},
  issue = {15},
  pages = {152303},
  numpages = {16},
  year = {2012},
  month = {Oct},
  publisher = {American Physical Society},
  doi = {10.1103/PhysRevLett.109.152303},
  url = {https://link.aps.org/doi/10.1103/PhysRevLett.109.152303}
}

@article{1742-6596-455-1-012005,
  author={Domenico Elia and the ALICE Collaboration},
  title={Strangeness production in ALICE},
  journal={Journal of Physics: Conference Series},
  volume={455},
  number={1},
  pages={012005},
  url={http://stacks.iop.org/1742-6596/455/i=1/a=012005},
  year={2013},
  abstract={The ALICE experiment at the LHC has measured the production of strange and multi-strange hadrons both in Pb–Pb and pp collisions at unprecedented beam energies. Transverse momentum spectra at mid-rapidity for K 0 S mesons, Λ, ##IMG## [http://ej.iop.org/images/1742-6596/455/1/012005/jpconf13_455_012005_eqn001.gif] and Ω − baryons and their anti-particles in Pb–Pb collisions at ##IMG## [http://ej.iop.org/images/1742-6596/455/1/012005/jpconf13_455_012005_eqn002.gif] TeV are presented in different centrality intervals. Particles are reconstructed via their weak decay topologies into charged particles only over a wide momentum range, exploiting the tracking and particle identification capabilities of the ALICE detector. The corresponding production yields are compared with those observed in pp collisions and lower energy heavy-ion reactions. In particular, results on baryon-to-meson ratio, strangeness enhancements, elliptic flow and nuclear modification factors are discussed. The comparison of strange particle spectra in pp collisions at ##IMG## [http://ej.iop.org/images/1742-6596/455/1/012005/jpconf13_455_012005_eqn003.gif] TeV with PYTHIA Perugia-2011 predictions is also presented.}
}

@article{2005PrPNP..54..443J,
   author = {{Jacobs}, P. and {Wang}, X.-N.},
    title = "{Matter in extremis: ultrarelativistic nuclear collisions at RHIC}",
  journal = {Progress in Particle and Nuclear Physics},
   eprint = {hep-ph/0405125},
     year = 2005,
    month = apr,
   volume = 54,
    pages = {443-534},
      doi = {10.1016/j.ppnp.2004.09.001},
   adsurl = {http://adsabs.harvard.edu/abs/2005PrPNP..54..443J},
  adsnote = {Provided by the SAO/NASA Astrophysics Data System}
}
@article{2013arXiv1304.1452M,
   author = {{Martinez}, G.},
    title = "{Advances in Quark Gluon Plasma}",
  journal = {ArXiv e-prints},
archivePrefix = "arXiv",
   eprint = {1304.1452},
 primaryClass = "nucl-ex",
 keywords = {Nuclear Experiment},
     year = 2013,
    month = apr,
   adsurl = {http://adsabs.harvard.edu/abs/2013arXiv1304.1452M},
  adsnote = {Provided by the SAO/NASA Astrophysics Data System}
}

%ALICE measurement of ET in Pb-Pb collisions at 2.76 TeV
@article{Adam:2139456,
      author        = "Adam, Jaroslav and Adamova, Dagmar and Aggarwal, Madan
                       Mohan and Aglieri Rinella, Gianluca and Agnello,
                       Michelangelo and Agrawal, Neelima and Ahammed, Zubayer and
                       Ahmad, Shakeel and Ahn, Sang Un and Aiola, Salvatore and
                       Akindinov, Alexander and Alam, Sk Noor and Silva De
                       Albuquerque, Danilo and Aleksandrov, Dmitry and Alessandro,
                       Bruno and Alexandre, Didier and Alfaro Molina, Jose Ruben
                       and Alici, Andrea and Alkin, Anton and Millan Almaraz,
                       Jesus Roberto and Alme, Johan and Alt, Torsten and
                       Altinpinar, Sedat and Altsybeev, Igor and Alves Garcia
                       Prado, Caio and Andrei, Cristian and Andronic, Anton and
                       Anguelov, Venelin and Anticic, Tome and Antinori, Federico
                       and Antonioli, Pietro and Aphecetche, Laurent Bernard and
                       Appelshaeuser, Harald and Arcelli, Silvia and Arnaldi,
                       Roberta and Arnold, Oliver Werner and Arsene, Ionut
                       Cristian and Arslandok, Mesut and Audurier, Benjamin and
                       Augustinus, Andre and Averbeck, Ralf Peter and Azmi, Mohd
                       Danish and Badala, Angela and Baek, Yong Wook and Bagnasco,
                       Stefano and Bailhache, Raphaelle Marie and Bala, Renu and
                       Balasubramanian, Supraja and Baldisseri, Alberto and Baral,
                       Rama Chandra and Barbano, Anastasia Maria and Barbera,
                       Roberto and Barile, Francesco and Barnafoldi, Gergely Gabor
                       and Barnby, Lee Stuart and Ramillien Barret, Valerie and
                       Bartalini, Paolo and Barth, Klaus and Bartke, Jerzy Gustaw
                       and Bartsch, Esther and Basile, Maurizio and Bastid, Nicole
                       and Basu, Sumit and Bathen, Bastian and Batigne, Guillaume
                       and Batista Camejo, Arianna and Batyunya, Boris and
                       Batzing, Paul Christoph and Bearden, Ian Gardner and Beck,
                       Hans and Bedda, Cristina and Behera, Nirbhay Kumar and
                       Belikov, Iouri and Bellini, Francesca and Bello Martinez,
                       Hector and Bellwied, Rene and Belmont Iii, Ronald John and
                       Belmont Moreno, Ernesto and Belyaev, Vladimir and Bencedi,
                       Gyula and Beole, Stefania and Berceanu, Ionela and Bercuci,
                       Alexandru and Berdnikov, Yaroslav and Berenyi, Daniel and
                       Bertens, Redmer Alexander and Berzano, Dario and Betev,
                       Latchezar and Bhasin, Anju and Bhat, Inayat Rasool and
                       Bhati, Ashok Kumar and Bhattacharjee, Buddhadeb and Bhom,
                       Jihyun and Bianchi, Livio and Bianchi, Nicola and Bianchin,
                       Chiara and Bielcik, Jaroslav and Bielcikova, Jana and
                       Bilandzic, Ante and Biro, Gabor and Biswas, Rathijit and
                       Biswas, Saikat and Bjelogrlic, Sandro and Blair, Justin
                       Thomas and Blau, Dmitry and Blume, Christoph and Bock,
                       Friederike and Bogdanov, Alexey and Boggild, Hans and
                       Boldizsar, Laszlo and Bombara, Marek and Book, Julian Heinz
                       and Borel, Herve and Borissov, Alexander and Borri,
                       Marcello and Bossu, Francesco and Botta, Elena and Bourjau,
                       Christian and Braun-Munzinger, Peter and Bregant, Marco and
                       Breitner, Timo Gunther and Broker, Theo Alexander and
                       Browning, Tyler Allen and Broz, Michal and Brucken, Erik
                       Jens and Bruna, Elena and Bruno, Giuseppe Eugenio and
                       Budnikov, Dmitry and Buesching, Henner and Bufalino,
                       Stefania and Buncic, Predrag and Busch, Oliver and
                       Buthelezi, Edith Zinhle and Bashir Butt, Jamila and Buxton,
                       Jesse Thomas and Cabala, Jan and Caffarri, Davide and Cai,
                       Xu and Caines, Helen Louise and Calero Diaz, Liliet and
                       Caliva, Alberto and Calvo Villar, Ernesto and Camerini,
                       Paolo and Carena, Francesco and Carena, Wisla and
                       Carnesecchi, Francesca and Castillo Castellanos, Javier
                       Ernesto and Castro, Andrew John and Casula, Ester Anna Rita
                       and Ceballos Sanchez, Cesar and Cepila, Jan and Cerello,
                       Piergiorgio and Cerkala, Jakub and Chang, Beomsu and
                       Chapeland, Sylvain and Chartier, Marielle and Charvet,
                       Jean-Luc Fernand and Chattopadhyay, Subhasis and
                       Chattopadhyay, Sukalyan and Chauvin, Alex and Chelnokov,
                       Volodymyr and Cherney, Michael Gerard and Cheshkov, Cvetan
                       Valeriev and Cheynis, Brigitte and Chibante Barroso, Vasco
                       Miguel and Dobrigkeit Chinellato, David and Cho, Soyeon and
                       Chochula, Peter and Choi, Kyungeon and Chojnacki, Marek and
                       Choudhury, Subikash and Christakoglou, Panagiotis and
                       Christensen, Christian Holm and Christiansen, Peter and
                       Chujo, Tatsuya and Chung, Suh-Urk and Cicalo, Corrado and
                       Cifarelli, Luisa and Cindolo, Federico and Cleymans, Jean
                       Willy Andre and Colamaria, Fabio Filippo and Colella,
                       Domenico and Collu, Alberto and Colocci, Manuel and Conesa
                       Balbastre, Gustavo and Conesa Del Valle, Zaida and Connors,
                       Megan Elizabeth and Contreras Nuno, Jesus Guillermo and
                       Cormier, Thomas Michael and Corrales Morales, Yasser and
                       Cortes Maldonado, Ismael and Cortese, Pietro and Cosentino,
                       Mauro Rogerio and Costa, Filippo and Crochet, Philippe and
                       Cruz Albino, Rigoberto and Cuautle Flores, Eleazar and
                       Cunqueiro Mendez, Leticia and Dahms, Torsten and Dainese,
                       Andrea and Danisch, Meike Charlotte and Danu, Andrea and
                       Das, Debasish and Das, Indranil and Das, Supriya and Dash,
                       Ajay Kumar and Dash, Sadhana and De, Sudipan and De Caro,
                       Annalisa and De Cataldo, Giacinto and De Conti, Camila and
                       De Cuveland, Jan and De Falco, Alessandro and De Gruttola,
                       Daniele and De Marco, Nora and De Pasquale, Salvatore and
                       Deisting, Alexander and Deloff, Andrzej and Denes, Ervin
                       Sandor and Deplano, Caterina and Dhankher, Preeti and Di
                       Bari, Domenico and Di Mauro, Antonio and Di Nezza, Pasquale
                       and Diaz Corchero, Miguel Angel and Dietel, Thomas and
                       Dillenseger, Pascal and Divia, Roberto and Djuvsland,
                       Oeystein and Dobrin, Alexandru Florin and Domenicis
                       Gimenez, Diogenes and Donigus, Benjamin and Dordic, Olja
                       and Drozhzhova, Tatiana and Dubey, Anand Kumar and Dubla,
                       Andrea and Ducroux, Laurent and Dupieux, Pascal and Ehlers
                       Iii, Raymond James and Elia, Domenico and Endress, Eric and
                       Engel, Heiko and Epple, Eliane and Erazmus, Barbara Ewa and
                       Erdemir, Irem and Erhardt, Filip and Espagnon, Bruno and
                       Estienne, Magali Danielle and Esumi, Shinichi and Eum,
                       Jongsik and Evans, David and Evdokimov, Sergey and
                       Eyyubova, Gyulnara and Fabbietti, Laura and Fabris, Daniela
                       and Faivre, Julien and Fantoni, Alessandra and Fasel,
                       Markus and Feldkamp, Linus and Feliciello, Alessandro and
                       Feofilov, Grigorii and Ferencei, Jozef and Fernandez
                       Tellez, Arturo and Gonzalez Ferreiro, Elena and Ferretti,
                       Alessandro and Festanti, Andrea and Feuillard, Victor Jose
                       Gaston and Figiel, Jan and Araujo Silva Figueredo, Marcel
                       and Filchagin, Sergey and Finogeev, Dmitry and Fionda,
                       Fiorella and Fiore, Enrichetta Maria and Fleck, Martin
                       Gabriel and Floris, Michele and Foertsch, Siegfried
                       Valentin and Foka, Panagiota and Fokin, Sergey and
                       Fragiacomo, Enrico and Francescon, Andrea and Frankenfeld,
                       Ulrich Michael and Fronze, Gabriele Gaetano and Fuchs,
                       Ulrich and Furget, Christophe and Furs, Artur and Fusco
                       Girard, Mario and Gaardhoeje, Jens Joergen and Gagliardi,
                       Martino and Gago Medina, Alberto Martin and Gallio, Mauro
                       and Gangadharan, Dhevan Raja and Ganoti, Paraskevi and Gao,
                       Chaosong and Garabatos Cuadrado, Jose and Garcia-Solis,
                       Edmundo Javier and Gargiulo, Corrado and Gasik, Piotr Jan
                       and Gauger, Erin Frances and Germain, Marie and Gheata,
                       Mihaela and Ghosh, Premomoy and Ghosh, Sanjay Kumar and
                       Gianotti, Paola and Giubellino, Paolo and Giubilato, Piero
                       and Gladysz-Dziadus, Ewa and Glassel, Peter and Gomez
                       Coral, Diego Mauricio and Gomez Ramirez, Andres and Sanchez
                       Gonzalez, Andres and Gonzalez, Victor and Gonzalez Zamora,
                       Pedro and Gorbunov, Sergey and Gorlich, Lidia Maria and
                       Gotovac, Sven and Grabski, Varlen and Grachov, Oleg
                       Anatolievich and Graczykowski, Lukasz Kamil and Graham,
                       Katie Leanne and Grelli, Alessandro and Grigoras, Alina
                       Gabriela and Grigoras, Costin and Grigoryev, Vladislav and
                       Grigoryan, Ara and Grigoryan, Smbat and Grynyov, Borys and
                       Grion, Nevio and Gronefeld, Julius Maximilian and
                       Grosse-Oetringhaus, Jan Fiete and Grosso, Raffaele and
                       Guber, Fedor and Guernane, Rachid and Guerzoni, Barbara and
                       Gulbrandsen, Kristjan Herlache and Gunji, Taku and Gupta,
                       Anik and Gupta, Ramni and Haake, Rudiger and Haaland,
                       Oystein Senneset and Hadjidakis, Cynthia Marie and Haiduc,
                       Maria and Hamagaki, Hideki and Hamar, Gergoe and Hamon,
                       Julien Charles and Harris, John William and Harton, Austin
                       Vincent and Hatzifotiadou, Despina and Hayashi, Shinichi
                       and Heckel, Stefan Thomas and Hellbar, Ernst and Helstrup,
                       Haavard and Herghelegiu, Andrei Ionut and Herrera Corral,
                       Gerardo Antonio and Hess, Benjamin Andreas and Hetland,
                       Kristin Fanebust and Hillemanns, Hartmut and Hippolyte,
                       Boris and Horak, David and Hosokawa, Ritsuya and Hristov,
                       Peter Zahariev and Humanic, Thomas and Hussain, Nur and
                       Hussain, Tahir and Hutter, Dirk and Hwang, Dae Sung and
                       Ilkaev, Radiy and Inaba, Motoi and Incani, Elisa and
                       Ippolitov, Mikhail and Irfan, Muhammad and Ivanov, Marian
                       and Ivanov, Vladimir and Izucheev, Vladimir and Jacazio,
                       Nicolo and Jacobs, Peter Martin and Jadhav, Manoj Bhanudas
                       and Jadlovska, Slavka and Jadlovsky, Jan and Jahnke,
                       Cristiane and Jakubowska, Monika Joanna and Jang, Haeng Jin
                       and Janik, Malgorzata Anna and Pahula Hewage, Sandun and
                       Jena, Chitrasen and Jena, Satyajit and Jimenez Bustamante,
                       Raul Tonatiuh and Jones, Peter Graham and Jusko, Anton and
                       Kalinak, Peter and Kalweit, Alexander Philipp and Kamin,
                       Jason Adrian and Kang, Ju Hwan and Kaplin, Vladimir and
                       Kar, Somnath and Karasu Uysal, Ayben and Karavichev, Oleg
                       and Karavicheva, Tatiana and Karayan, Lilit and Karpechev,
                       Evgeny and Kebschull, Udo Wolfgang and Keidel, Ralf and
                       Keijdener, Darius Laurens and Keil, Markus and Khan,
                       Mohammed Mohisin and Khan, Palash and Khan, Shuaib Ahmad
                       and Khanzadeev, Alexei and Kharlov, Yury and Kileng, Bjarte
                       and Kim, Do Won and Kim, Dong Jo and Kim, Daehyeok and Kim,
                       Hyeonjoong and Kim, Jinsook and Kim, Minwoo and Kim, Se
                       Yong and Kim, Taesoo and Kirsch, Stefan and Kisel, Ivan and
                       Kiselev, Sergey and Kisiel, Adam Ryszard and Kiss, Gabor
                       and Klay, Jennifer Lynn and Klein, Carsten and Klein,
                       Jochen and Klein-Boesing, Christian and Klewin, Sebastian
                       and Kluge, Alexander and Knichel, Michael Linus and Knospe,
                       Anders Garritt and Kobdaj, Chinorat and Kofarago, Monika
                       and Kollegger, Thorsten and Kolozhvari, Anatoly and
                       Kondratev, Valerii and Kondratyeva, Natalia and Kondratyuk,
                       Evgeny and Konevskikh, Artem and Kopcik, Michal and
                       Kostarakis, Panagiotis and Kour, Mandeep and Kouzinopoulos,
                       Charalampos and Kovalenko, Oleksandr and Kovalenko,
                       Vladimir and Kowalski, Marek and Koyithatta Meethaleveedu,
                       Greeshma and Kralik, Ivan and Kravcakova, Adela and Krivda,
                       Marian and Krizek, Filip and Kryshen, Evgeny and Krzewicki,
                       Mikolaj and Kubera, Andrew Michael and Kucera, Vit and
                       Kuhn, Christian Claude and Kuijer, Paulus Gerardus and
                       Kumar, Ajay and Kumar, Jitendra and Kumar, Lokesh and
                       Kumar, Shyam and Kurashvili, Podist and Kurepin, Alexander
                       and Kurepin, Alexey and Kuryakin, Alexey and Kweon, Min
                       Jung and Kwon, Youngil and La Pointe, Sarah Louise and La
                       Rocca, Paola and Ladron De Guevara, Pedro and Lagana
                       Fernandes, Caio and Lakomov, Igor and Langoy, Rune and
                       Lapidus, Kirill and Lara Martinez, Camilo Ernesto and
                       Lardeux, Antoine Xavier and Lattuca, Alessandra and Laudi,
                       Elisa and Lea, Ramona and Leardini, Lucia and Lee, Graham
                       Richard and Lee, Seongjoo and Lehas, Fatiha and Lemmon, Roy
                       Crawford and Lenti, Vito and Leogrande, Emilia and Leon
                       Monzon, Ildefonso and Leon Vargas, Hermes and Leoncino,
                       Marco and Levai, Peter and Li, Shuang and Li, Xiaomei and
                       Lien, Jorgen Andre and Lietava, Roman and Lindal, Svein and
                       Lindenstruth, Volker and Lippmann, Christian and Lisa,
                       Michael Annan and Ljunggren, Hans Martin and Lodato, Davide
                       Francesco and Lonne, Per-Ivar and Loginov, Vitaly and
                       Loizides, Constantinos and Lopez, Xavier Bernard and Lopez
                       Torres, Ernesto and Lowe, Andrew John and Luettig, Philipp
                       Johannes and Lunardon, Marcello and Luparello, Grazia and
                       Lutz, Tyler Harrison and Maevskaya, Alla and Mager, Magnus
                       and Mahajan, Sanjay and Mahmood, Sohail Musa and Maire,
                       Antonin and Majka, Richard Daniel and Malaev, Mikhail and
                       Maldonado Cervantes, Ivonne Alicia and Malinina, Liudmila
                       and Mal'Kevich, Dmitry and Malzacher, Peter and Mamonov,
                       Alexander and Manko, Vladislav and Manso, Franck and
                       Manzari, Vito and Marchisone, Massimiliano and Mares, Jiri
                       and Margagliotti, Giacomo Vito and Margotti, Anselmo and
                       Margutti, Jacopo and Marin, Ana Maria and Markert,
                       Christina and Marquard, Marco and Martin, Nicole Alice and
                       Martin Blanco, Javier and Martinengo, Paolo and Martinez
                       Hernandez, Mario Ivan and Martinez-Garcia, Gines and
                       Martinez Pedreira, Miguel and Mas, Alexis Jean-Michel and
                       Masciocchi, Silvia and Masera, Massimo and Masoni, Alberto
                       and Mastroserio, Annalisa and Matyja, Adam Tomasz and
                       Mayer, Christoph and Mazer, Joel Anthony and Mazzoni,
                       Alessandra Maria and Mcdonald, Daniel and Meddi, Franco and
                       Melikyan, Yuri and Menchaca-Rocha, Arturo Alejandro and
                       Meninno, Elisa and Mercado-Perez, Jorge and Meres, Michal
                       and Miake, Yasuo and Mieskolainen, Matti Mikael and
                       Mikhaylov, Konstantin and Milano, Leonardo and Milosevic,
                       Jovan and Mischke, Andre and Mishra, Aditya Nath and
                       Miskowiec, Dariusz Czeslaw and Mitra, Jubin and Mitu,
                       Ciprian Mihai and Mohammadi, Naghmeh and Mohanty,
                       Bedangadas and Molnar, Levente and Montano Zetina, Luis
                       Manuel and Montes Prado, Esther and Moreira De Godoy,
                       Denise Aparecida and Perez Moreno, Luis Alberto and
                       Moretto, Sandra and Morreale, Astrid and Morsch, Andreas
                       and Muccifora, Valeria and Mudnic, Eugen and Muhlheim,
                       Daniel Michael and Muhuri, Sanjib and Mukherjee, Maitreyee
                       and Mulligan, James Declan and Gameiro Munhoz, Marcelo and
                       Munzer, Robert Helmut and Murakami, Hikari and Murray, Sean
                       and Musa, Luciano and Musinsky, Jan and Naik, Bharati and
                       Nair, Rahul and Nandi, Basanta Kumar and Nania, Rosario and
                       Nappi, Eugenio and Naru, Muhammad Umair and Ferreira Natal
                       Da Luz, Pedro Hugo and Nattrass, Christine and Rosado
                       Navarro, Sebastian and Nayak, Kishora and Nayak, Ranjit and
                       Nayak, Tapan Kumar and Nazarenko, Sergey and Nedosekin,
                       Alexander and Nellen, Lukas and Ng, Fabian and Nicassio,
                       Maria and Niculescu, Mihai and Niedziela, Jeremi and
                       Nielsen, Borge Svane and Nikolaev, Sergey and Nikulin,
                       Sergey and Nikulin, Vladimir and Noferini, Francesco and
                       Nomokonov, Petr and Nooren, Gerardus and Cabanillas Noris,
                       Juan Carlos and Norman, Jaime and Nyanin, Alexander and
                       Nystrand, Joakim Ingemar and Oeschler, Helmut Oskar and Oh,
                       Saehanseul and Oh, Sun Kun and Ohlson, Alice Elisabeth and
                       Okatan, Ali and Okubo, Tsubasa and Olah, Laszlo and
                       Oleniacz, Janusz and Oliveira Da Silva, Antonio Carlos and
                       Oliver, Michael Henry and Onderwaater, Jacobus and
                       Oppedisano, Chiara and Orava, Risto and Oravec, Matej and
                       Ortiz Velasquez, Antonio and Oskarsson, Anders Nils Erik
                       and Otwinowski, Jacek Tomasz and Oyama, Ken and Ozdemir,
                       Mahmut and Pachmayer, Yvonne Chiara and Pagano, Davide and
                       Pagano, Paola and Paic, Guy and Pal, Susanta Kumar and Pan,
                       Jinjin and Pandey, Ashutosh Kumar and Papikyan, Vardanush
                       and Pappalardo, Giuseppe and Pareek, Pooja and Park, Woojin
                       and Parmar, Sonia and Passfeld, Annika and Paticchio,
                       Vincenzo and Patra, Rajendra Nath and Paul, Biswarup and
                       Pei, Hua and Peitzmann, Thomas and Pereira Da Costa, Hugo
                       Denis Antonio and Peresunko, Dmitry Yurevich and Perez
                       Lara, Carlos Eugenio and Perez Lezama, Edgar and Peskov,
                       Vladimir and Pestov, Yury and Petracek, Vojtech and Petrov,
                       Viacheslav and Petrovici, Mihai and Petta, Catia and Piano,
                       Stefano and Pikna, Miroslav and Pillot, Philippe and Ozelin
                       De Lima Pimentel, Lais and Pinazza, Ombretta and Pinsky,
                       Lawrence and Piyarathna, Danthasinghe and Ploskon, Mateusz
                       Andrzej and Planinic, Mirko and Pluta, Jan Marian and
                       Pochybova, Sona and Podesta Lerma, Pedro Luis Manuel and
                       Poghosyan, Martin and Polishchuk, Boris and Poljak, Nikola
                       and Poonsawat, Wanchaloem and Pop, Amalia and Porteboeuf,
                       Sarah Julie and Porter, R Jefferson and Pospisil, Jan and
                       Prasad, Sidharth Kumar and Preghenella, Roberto and Prino,
                       Francesco and Pruneau, Claude Andre and Pshenichnov, Igor
                       and Puccio, Maximiliano and Puddu, Giovanna and Pujahari,
                       Prabhat Ranjan and Punin, Valery and Putschke, Jorn Henning
                       and Qvigstad, Henrik and Rachevski, Alexandre and Raha,
                       Sibaji and Rajput, Sonia and Rak, Jan and Rakotozafindrabe,
                       Andry Malala and Ramello, Luciano and Rami, Fouad and
                       Raniwala, Rashmi and Raniwala, Sudhir and Rasanen, Sami
                       Sakari and Rascanu, Bogdan Theodor and Rathee, Deepika and
                       Read, Kenneth Francis and Redlich, Krzysztof and Reed, Rosi
                       Jan and Rehman, Attiq Ur and Reichelt, Patrick Simon and
                       Reidt, Felix and Ren, Xiaowen and Renfordt, Rainer Arno
                       Ernst and Reolon, Anna Rita and Reshetin, Andrey and
                       Reygers, Klaus Johannes and Riabov, Viktor and Ricci,
                       Renato Angelo and Richert, Tuva Ora Herenui and Richter,
                       Matthias Rudolph and Riedler, Petra and Riegler, Werner and
                       Riggi, Francesco and Ristea, Catalin-Lucian and Rocco,
                       Elena and Rodriguez Cahuantzi, Mario and Rodriguez Manso,
                       Alis and Roeed, Ketil and Rogochaya, Elena and Rohr, David
                       Michael and Roehrich, Dieter and Ronchetti, Federico and
                       Ronflette, Lucile and Rosnet, Philippe and Rossi, Andrea
                       and Roukoutakis, Filimon and Roy, Ankhi and Roy, Christelle
                       Sophie and Roy, Pradip Kumar and Rubio Montero, Antonio
                       Juan and Rui, Rinaldo and Russo, Riccardo and Di Ruzza,
                       Benedetto and Ryabinkin, Evgeny and Ryabov, Yury and
                       Rybicki, Andrzej and Saarinen, Sampo and Sadhu, Samrangy
                       and Sadovskiy, Sergey and Safarik, Karel and Sahlmuller,
                       Baldo and Sahoo, Pragati and Sahoo, Raghunath and Sahoo,
                       Sarita and Sahu, Pradip Kumar and Saini, Jogender and
                       Sakai, Shingo and Saleh, Mohammad Ahmad and Salzwedel, Jai
                       Samuel Nielsen and Sambyal, Sanjeev Singh and Samsonov,
                       Vladimir and Sandor, Ladislav and Sandoval, Andres and
                       Sano, Masato and Sarkar, Debojit and Sarkar, Nachiketa and
                       Sarma, Pranjal and Scapparone, Eugenio and Scarlassara,
                       Fernando and Schiaua, Claudiu Cornel and Schicker, Rainer
                       Martin and Schmidt, Christian Joachim and Schmidt, Hans
                       Rudolf and Schuchmann, Simone and Schukraft, Jurgen and
                       Schulc, Martin and Schutz, Yves Roland and Schwarz, Kilian
                       Eberhard and Schweda, Kai Oliver and Scioli, Gilda and
                       Scomparin, Enrico and Scott, Rebecca Michelle and Sefcik,
                       Michal and Seger, Janet Elizabeth and Sekiguchi, Yuko and
                       Sekihata, Daiki and Selyuzhenkov, Ilya and Senosi,
                       Kgotlaesele and Senyukov, Serhiy and Serradilla Rodriguez,
                       Eulogio and Sevcenco, Adrian and Shabanov, Arseniy and
                       Shabetai, Alexandre and Shadura, Oksana and Shahoyan, Ruben
                       and Shahzad, Muhammed Ikram and Shangaraev, Artem and
                       Sharma, Ankita and Sharma, Mona and Sharma, Monika and
                       Sharma, Natasha and Sheikh, Ashik Ikbal and Shigaki, Kenta
                       and Shou, Qiye and Shtejer Diaz, Katherin and Sibiryak,
                       Yury and Siddhanta, Sabyasachi and Sielewicz, Krzysztof
                       Marek and Siemiarczuk, Teodor and Silvermyr, David Olle
                       Rickard and Silvestre, Catherine Micaela and Simatovic,
                       Goran and Simonetti, Giuseppe and Singaraju, Rama Narayana
                       and Singh, Ranbir and Singha, Subhash and Singhal, Vikas
                       and Sinha, Bikash and Sarkar - Sinha, Tinku and Sitar,
                       Branislav and Sitta, Mario and Skaali, Bernhard and
                       Slupecki, Maciej and Smirnov, Nikolai and Snellings,
                       Raimond and Snellman, Tomas Wilhelm and Song, Jihye and
                       Song, Myunggeun and Song, Zixuan and Soramel, Francesca and
                       Sorensen, Soren Pontoppidan and Derradi De Souza, Rafael
                       and Sozzi, Federica and Spacek, Michal and Spiriti,
                       Eleuterio and Sputowska, Iwona Anna and
                       Spyropoulou-Stassinaki, Martha and Stachel, Johanna and
                       Stan, Ionel and Stankus, Paul and Stenlund, Evert Anders
                       and Steyn, Gideon Francois and Stiller, Johannes Hendrik
                       and Stocco, Diego and Strmen, Peter and Alarcon Do Passo
                       Suaide, Alexandre and Sugitate, Toru and Suire, Christophe
                       Pierre and Suleymanov, Mais Kazim Oglu and Suljic, Miljenko
                       and Sultanov, Rishat and Sumbera, Michal and Sumowidagdo,
                       Suharyo and Szabo, Alexander and Szanto De Toledo,
                       Alejandro and Szarka, Imrich and Szczepankiewicz, Adam and
                       Szymanski, Maciej Pawel and Tabassam, Uzma and Takahashi,
                       Jun and Tambave, Ganesh Jagannath and Tanaka, Naoto and
                       Tarhini, Mohamad and Tariq, Mohammad and Tarzila,
                       Madalina-Gabriela and Tauro, Arturo and Tejeda Munoz,
                       Guillermo and Telesca, Adriana and Terasaki, Kohei and
                       Terrevoli, Cristina and Teyssier, Boris and Thaeder, Jochen
                       Mathias and Thakur, Dhananjaya and Thomas, Deepa and
                       Tieulent, Raphael Noel and Tikhonov, Anatoly and Timmins,
                       Anthony Robert and Toia, Alberica and Trogolo, Stefano and
                       Trombetta, Giuseppe and Trubnikov, Victor and Trzaska,
                       Wladyslaw Henryk and Tsuji, Tomoya and Tumkin, Alexandr and
                       Turrisi, Rosario and Tveter, Trine Spedstad and Ullaland,
                       Kjetil and Uras, Antonio and Usai, Gianluca and Utrobicic,
                       Antonija and Vala, Martin and Valencia Palomo, Lizardo and
                       Vallero, Sara and Van Der Maarel, Jasper and Van Hoorne,
                       Jacobus Willem and Van Leeuwen, Marco and Vanat, Tomas and
                       Vande Vyvre, Pierre and Varga, Dezso and Diozcora Vargas
                       Trevino, Aurora and Vargyas, Marton and Varma, Raghava and
                       Vasileiou, Maria and Vasiliev, Andrey and Vauthier, Astrid
                       and Vazquez Doce, Oton and Vechernin, Vladimir and Veen,
                       Annelies Marianne and Veldhoen, Misha and Velure, Arild and
                       Vercellin, Ermanno and Vergara Limon, Sergio and Vernet,
                       Renaud and Verweij, Marta and Vickovic, Linda and
                       Viinikainen, Jussi Samuli and Vilakazi, Zabulon and
                       Villalobos Baillie, Orlando and Villatoro Tello, Abraham
                       and Vinogradov, Alexander and Vinogradov, Leonid and
                       Vinogradov, Yury and Virgili, Tiziano and Vislavicius,
                       Vytautas and Viyogi, Yogendra and Vodopyanov, Alexander and
                       Volkl, Martin Andreas and Voloshin, Kirill and Voloshin,
                       Sergey and Volpe, Giacomo and Von Haller, Barthelemy and
                       Vorobyev, Ivan and Vranic, Danilo and Vrlakova, Janka and
                       Vulpescu, Bogdan and Wagner, Boris and Wagner, Jan and
                       Wang, Hongkai and Wang, Mengliang and Watanabe, Daisuke and
                       Watanabe, Yosuke and Weber, Michael and Weber, Steffen
                       Georg and Weiser, Dennis Franz and Wessels, Johannes Peter
                       and Westerhoff, Uwe and Whitehead, Andile Mothegi and
                       Wiechula, Jens and Wikne, Jon and Wilk, Grzegorz Andrzej
                       and Wilkinson, Jeremy John and Williams, Crispin and
                       Windelband, Bernd Stefan and Winn, Michael Andreas and
                       Yang, Ping and Yano, Satoshi and Yasin, Zafar and Yin,
                       Zhongbao and Yokoyama, Hiroki and Yoo, In-Kwon and Yoon,
                       Jin Hee and Yurchenko, Volodymyr and Yushmanov, Igor and
                       Zaborowska, Anna and Zaccolo, Valentina and Zaman, Ali and
                       Zampolli, Chiara and Correia Zanoli, Henrique Jose and
                       Zaporozhets, Sergey and Zardoshti, Nima and Zarochentsev,
                       Andrey and Zavada, Petr and Zavyalov, Nikolay and
                       Zbroszczyk, Hanna Paulina and Zgura, Sorin Ion and Zhalov,
                       Mikhail and Zhang, Haitao and Zhang, Xiaoming and Zhang,
                       Yonghong and Chunhui, Zhang and Zhang, Zuman and Zhao,
                       Chengxin and Zhigareva, Natalia and Zhou, Daicui and Zhou,
                       You and Zhou, Zhuo and Zhu, Hongsheng and Zhu, Jianhui and
                       Zichichi, Antonino and Zimmermann, Alice and Zimmermann,
                       Markus Bernhard and Zinovjev, Gennady and Zyzak, Maksym",
      title         = "{Measurement of transverse energy at midrapidity in Pb-Pb
                       collisions at $\sqrt{s_{\rm NN}} = 2.76$ TeV}",
      journal       = "Phys. Rev. C",
      collaboration = "ALICE Collaboration",
      number        = "CERN-EP-2016-071. CERN-EP-2016-071",
      volume        = "94",
      pages         = "034903. 30 p",
      month         = "Mar",
      year          = "2016",
      reportNumber  = "CERN-EP-2016-071",
      url           = "https://cds.cern.ch/record/2139456",
      note          = "30 pages, 14 captioned figures, 2 tables, authors from
                       page 25, published version, figures at
                       http://aliceinfo.cern.ch/ArtSubmission/node/2400",
}

@article{Shuryak1988,
author="Shuryak, E. V.",
title="The QCD vacuum and quark-gluon plasma",
journal="Zeitschrift f{\"u}r Physik C Particles and Fields",
year="1988",
month="Mar",
day="01",
volume="38",
number="1",
pages="141--145",
abstract="In this talk we consider present status in understanding of the QCD vacuum structure and the nature of phase transitions, separating hadronic matter from the quark-gluon plasma. We also briefly discuss the simplest signals for this phase transition in high energy collisions.",
issn="1431-5858",
doi="10.1007/BF01574528",
url="https://doi.org/10.1007/BF01574528"
}

@article{KAPUSTA1979461,
title = "Quantum chromodynamics at high temperature",
journal = "Nuclear Physics B",
volume = "148",
number = "3",
pages = "461 - 498",
year = "1979",
issn = "0550-3213",
doi = "https://doi.org/10.1016/0550-3213(79)90146-9",
url = "http://www.sciencedirect.com/science/article/pii/0550321379901469",
author = "Joseph I. Kapusta"
}

% Adare et al. PHENIX calorimeter ET
@article{PhysRevC.93.024901,
  title = {Transverse energy production and charged-particle multiplicity at midrapidity in various systems from $\sqrt{{s}_{NN}}=7.7$ to 200 GeV},
  author = {Adare, A. and Afanasiev, S. and Aidala, C. and Ajitanand, N. N. and Akiba, Y. and Akimoto, R. and Al-Bataineh, H. and Alexander, J. and Alfred, M. and Al-Jamel, A. and Al-Ta'ani, H. and Angerami, A. and Aoki, K. and Apadula, N. and Aphecetche, L. and Aramaki, Y. and Armendariz, R. and Aronson, S. H. and Asai, J. and Asano, H. and Aschenauer, E. C. and Atomssa, E. T. and Averbeck, R. and Awes, T. C. and Azmoun, B. and Babintsev, V. and Bai, M. and Bai, X. and Baksay, G. and Baksay, L. and Baldisseri, A. and Bandara, N. S. and Bannier, B. and Barish, K. N. and Barnes, P. D. and Bassalleck, B. and Basye, A. T. and Bathe, S. and Batsouli, S. and Baublis, V. and Bauer, F. and Baumann, C. and Baumgart, S. and Bazilevsky, A. and Beaumier, M. and Beckman, S. and Belikov, S. and Belmont, R. and Bennett, R. and Berdnikov, A. and Berdnikov, Y. and Bhom, J. H. and Bickley, A. A. and Bjorndal, M. T. and Black, D. and Blau, D. S. and Boissevain, J. G. and Bok, J. S. and Borel, H. and Boyle, K. and Brooks, M. L. and Brown, D. S. and Bryslawskyj, J. and Bucher, D. and Buesching, H. and Bumazhnov, V. and Bunce, G. and Burward-Hoy, J. M. and Butsyk, S. and Campbell, S. and Caringi, A. and Castera, P. and Chai, J.-S. and Chang, B. S. and Charvet, J.-L. and Chen, C.-H. and Chernichenko, S. and Chi, C. Y. and Chiba, J. and Chiu, M. and Choi, I. J. and Choi, J. B. and Choi, S. and Choudhury, R. K. and Christiansen, P. and Chujo, T. and Chung, P. and Churyn, A. and Chvala, O. and Cianciolo, V. and Citron, Z. and Cleven, C. R. and Cobigo, Y. and Cole, B. A. and Comets, M. P. and Conesa del Valle, Z. and Connors, M. and Constantin, P. and Cronin, N. and Crossette, N. and Csan\'ad, M. and Cs\"org\ifmmode \mbox{\H{o}}\else \H{o}\fi{}, T. and Dahms, T. and Dairaku, S. and Danchev, I. and Danley, T. W. and Das, K. and Datta, A. and Daugherity, M. S. and David, G. and Dayananda, M. K. and Deaton, M. B. and DeBlasio, K. and Dehmelt, K. and Delagrange, H. and Denisov, A. and d'Enterria, D. and Deshpande, A. and Desmond, E. J. and Dharmawardane, K. V. and Dietzsch, O. and Ding, L. and Dion, A. and Diss, P. B. and Do, J. H. and Donadelli, M. and D'Orazio, L. and Drachenberg, J. L. and Drapier, O. and Drees, A. and Drees, K. A. and Dubey, A. K. and Durham, J. M. and Durum, A. and Dutta, D. and Dzhordzhadze, V. and Edwards, S. and Efremenko, Y. V. and Egdemir, J. and Ellinghaus, F. and Emam, W. S. and Engelmore, T. and Enokizono, A. and En'yo, H. and Espagnon, B. and Esumi, S. and Eyser, K. O. and Fadem, B. and Feege, N. and Fields, D. E. and Finger, M. and Finger, M. and Fleuret, F. and Fokin, S. L. and Forestier, B. and Fraenkel, Z. and Frantz, J. E. and Franz, A. and Frawley, A. D. and Fujiwara, K. and Fukao, Y. and Fung, S.-Y. and Fusayasu, T. and Gadrat, S. and Gainey, K. and Gal, C. and Gallus, P. and Garg, P. and Garishvili, A. and Garishvili, I. and Gastineau, F. and Ge, H. and Germain, M. and Giordano, F. and Glenn, A. and Gong, H. and Gong, X. and Gonin, M. and Gosset, J. and Goto, Y. and Granier de Cassagnac, R. and Grau, N. and Greene, S. V. and Grim, G. and Grosse Perdekamp, M. and Gu, Y. and Gunji, T. and Guo, L. and Guragain, H. and Gustafsson, H.-\AA{}. and Hachiya, T. and Hadj Henni, A. and Haegemann, C. and Haggerty, J. S. and Hagiwara, M. N. and Hahn, K. I. and Hamagaki, H. and Hamblen, J. and Hamilton, H. F. and Han, R. and Han, S. Y. and Hanks, J. and Harada, H. and Hartouni, E. P. and Haruna, K. and Harvey, M. and Hasegawa, S. and Haseler, T. O. S. and Hashimoto, K. and Haslum, E. and Hasuko, K. and Hayano, R. and Hayashi, S. and He, X. and Heffner, M. and Hemmick, T. K. and Hester, T. and Heuser, J. M. and Hiejima, H. and Hill, J. C. and Hobbs, R. and Hohlmann, M. and Hollis, R. S. and Holmes, M. and Holzmann, W. and Homma, K. and Hong, B. and Horaguchi, T. and Hori, Y. and Hornback, D. and Hoshino, T. and Hotvedt, N. and Huang, J. and Huang, S. and Hur, M. G. and Ichihara, T. and Ichimiya, R. and Iinuma, H. and Ikeda, Y. and Imai, K. and Imazu, Y. and Imrek, J. and Inaba, M. and Inoue, Y. and Iordanova, A. and Isenhower, D. and Isenhower, L. and Ishihara, M. and Isinhue, A. and Isobe, T. and Issah, M. and Isupov, A. and Ivanishchev, D. and Iwanaga, Y. and Jacak, B. V. and Javani, M. and Jeon, S. J. and Jezghani, M. and Jia, J. and Jiang, X. and Jin, J. and Jinnouchi, O. and Johnson, B. M. and Jones, T. and Joo, K. S. and Jouan, D. and Jumper, D. S. and Kajihara, F. and Kametani, S. and Kamihara, N. and Kamin, J. and Kanda, S. and Kaneta, M. and Kaneti, S. and Kang, B. H. and Kang, J. H. and Kang, J. S. and Kanou, H. and Kapustinsky, J. and Karatsu, K. and Kasai, M. and Kawagishi, T. and Kawall, D. and Kawashima, M. and Kazantsev, A. V. and Kelly, S. and Kempel, T. and Key, J. A. and Khachatryan, V. and Khandai, P. K. and Khanzadeev, A. and Kijima, K. M. and Kikuchi, J. and Kim, A. and Kim, B. I. and Kim, C. and Kim, D. H. and Kim, D. J. and Kim, E. and Kim, E.-J. and Kim, G. W. and Kim, H. J. and Kim, K.-B. and Kim, M. and Kim, Y.-J. and Kim, Y. K. and Kim, Y.-S. and Kimelman, B. and Kinney, E. and Kiss, \'A. and Kistenev, E. and Kitamura, R. and Kiyomichi, A. and Klatsky, J. and Klay, J. and Klein-Boesing, C. and Kleinjan, D. and Kline, P. and Koblesky, T. and Kochenda, L. and Kochetkov, V. and Kofarago, M. and Komatsu, Y. and Komkov, B. and Konno, M. and Koster, J. and Kotchetkov, D. and Kotov, D. and Kozlov, A. and Kr\'al, A. and Kravitz, A. and Krizek, F. and Kroon, P. J. and Kubart, J. and Kunde, G. J. and Kurihara, N. and Kurita, K. and Kurosawa, M. and Kweon, M. J. and Kwon, Y. and Kyle, G. S. and Lacey, R. and Lai, Y. S. and Lajoie, J. G. and Lebedev, A. and Le Bornec, Y. and Leckey, S. and Lee, B. and Lee, D. M. and Lee, G. H. and Lee, J. and Lee, K. B. and Lee, K. S. and Lee, M. K. and Lee, S. and Lee, S. H. and Lee, S. R. and Lee, T. and Leitch, M. J. and Leite, M. A. L. and Leitgab, M. and Lenzi, B. and Lewis, B. and Li, X. and Li, X. H. and Lichtenwalner, P. and Liebing, P. and Lim, H. and Lim, S. H. and Linden Levy, L. A. and Li\ifmmode \check{s}\else \v{s}\fi{}ka, T. and Litvinenko, A. and Liu, H. and Liu, M. X. and Love, B. and Lynch, D. and Maguire, C. F. and Makdisi, Y. I. and Makek, M. and Malakhov, A. and Malik, M. D. and Manion, A. and Manko, V. I. and Mannel, E. and Mao, Y. and Maruyama, T. and Ma\ifmmode \check{s}\else \v{s}\fi{}ek, L. and Masui, H. and Masumoto, S. and Matathias, F. and McCain, M. C. and McCumber, M. and McGaughey, P. L. and McGlinchey, D. and McKinney, C. and Means, N. and Meles, A. and Mendoza, M. and Meredith, B. and Miake, Y. and Mibe, T. and Midori, J. and Mignerey, A. C. and Mike\ifmmode \check{s}\else \v{s}\fi{}, P. and Miki, K. and Miller, T. E. and Milov, A. and Mioduszewski, S. and Mishra, D. K. and Mishra, G. C. and Mishra, M. and Mitchell, J. T. and Mitrovski, M. and Miyachi, Y. and Miyasaka, S. and Mizuno, S. and Mohanty, A. K. and Mohapatra, S. and Montuenga, P. and Moon, H. J. and Moon, T. and Morino, Y. and Morreale, A. and Morrison, D. P. and Moskowitz, M. and Moss, J. M. and Motschwiller, S. and Moukhanova, T. V. and Mukhopadhyay, D. and Murakami, T. and Murata, J. and Mwai, A. and Nagae, T. and Nagamiya, S. and Nagashima, K. and Nagata, Y. and Nagle, J. L. and Naglis, M. and Nagy, M. I. and Nakagawa, I. and Nakagomi, H. and Nakamiya, Y. and Nakamura, K. R. and Nakamura, T. and Nakano, K. and Nam, S. and Nattrass, C. and Nederlof, A. and Netrakanti, P. K. and Newby, J. and Nguyen, M. and Nihashi, M. and Niida, T. and Nishimura, S. and Norman, B. E. and Nouicer, R. and Nov\'ak, T. and Novitzky, N. and Nukariya, A. and Nyanin, A. S. and Nystrand, J. and Oakley, C. and Obayashi, H. and O'Brien, E. and Oda, S. X. and Ogilvie, C. A. and Ohnishi, H. and Oide, H. and Ojha, I. D. and Oka, M. and Okada, K. and Omiwade, O. O. and Onuki, Y. and Orjuela Koop, J. D. and Osborn, J. D. and Oskarsson, A. and Otterlund, I. and Ouchida, M. and Ozawa, K. and Pak, R. and Pal, D. and Palounek, A. P. T. and Pantuev, V. and Papavassiliou, V. and Park, B. H. and Park, I. H. and Park, J. and Park, J. S. and Park, S. and Park, S. K. and Park, W. J. and Pate, S. F. and Patel, L. and Patel, M. and Pei, H. and Peng, J.-C. and Pereira, H. and Perepelitsa, D. V. and Perera, G. D. N. and Peresedov, V. and Peressounko, D.Yu. and Perry, J. and Petti, R. and Pinkenburg, C. and Pinson, R. and Pisani, R. P. and Proissl, M. and Purschke, M. L. and Purwar, A. K. and Qu, H. and Rak, J. and Rakotozafindrabe, A. and Ramson, B. J. and Ravinovich, I. and Read, K. F. and Rembeczki, S. and Reuter, M. and Reygers, K. and Reynolds, D. and Riabov, V. and Riabov, Y. and Richardson, E. and Rinn, T. and Riveli, N. and Roach, D. and Roche, G. and Rolnick, S. D. and Romana, A. and Rosati, M. and Rosen, C. A. and Rosendahl, S. S. E. and Rosnet, P. and Rowan, Z. and Rubin, J. G. and Rukoyatkin, P. and Ru\ifmmode \check{z}\else \v{z}\fi{}i\ifmmode \check{c}\else \v{c}\fi{}ka, P. and Rykov, V. L. and Ryu, M. S. and Ryu, S. S. and Sahlmueller, B. and Saito, N. and Sakaguchi, T. and Sakai, S. and Sakashita, K. and Sakata, H. and Sako, H. and Samsonov, V. and Sano, M. and Sano, S. and Sarsour, M. and Sato, H. D. and Sato, S. and Sato, T. and Sawada, S. and Schaefer, B. and Schmoll, B. K. and Sedgwick, K. and Seele, J. and Seidl, R. and Sekiguchi, Y. and Semenov, V. and Sen, A. and Seto, R. and Sett, P. and Sexton, A. and Sharma, D. and Shaver, A. and Shea, T. K. and Shein, I. and Shevel, A. and Shibata, T.-A. and Shigaki, K. and Shimomura, M. and Shohjoh, T. and Shoji, K. and Shukla, P. and Sickles, A. and Silva, C. L. and Silvermyr, D. and Silvestre, C. and Sim, K. S. and Singh, B. K. and Singh, C. P. and Singh, V. and Skolnik, M. and Skutnik, S. and Slune\ifmmode \check{c}\else \v{c}\fi{}ka, M. and Smith, W. C. and Snowball, M. and Solano, S. and Soldatov, A. and Soltz, R. A. and Sondheim, W. E. and Sorensen, S. P. and Sourikova, I. V. and Staley, F. and Stankus, P. W. and Steinberg, P. and Stenlund, E. and Stepanov, M. and Ster, A. and Stoll, S. P. and Stone, M. R. and Sugitate, T. and Suire, C. and Sukhanov, A. and Sullivan, J. P. and Sumita, T. and Sun, J. and Sziklai, J. and Tabaru, T. and Takagi, S. and Takagui, E. M. and Takahara, A. and Taketani, A. and Tanabe, R. and Tanaka, K. H. and Tanaka, Y. and Taneja, S. and Tanida, K. and Tannenbaum, M. J. and Tarafdar, S. and Taranenko, A. and Tarj\'an, P. and Tennant, E. and Themann, H. and Thomas, D. and Thomas, T. L. and Tieulent, R. and Timilsina, A. and Todoroki, T. and Togawa, M. and Toia, A. and Tojo, J. and Tom\'a\ifmmode \check{s}\else \v{s}\fi{}ek, L. and Tom\'a\ifmmode \check{s}\else \v{s}\fi{}ek, M. and Torii, H. and Towell, C. L. and Towell, R. and Towell, R. S. and Tram, V-N. and Tserruya, I. and Tsuchimoto, Y. and Tsuji, T. and Tuli, S. K. and Tydesj\"o, H. and Tyurin, N. and Vale, C. and Valle, H. and van Hecke, H. W. and Vargyas, M. and Vazquez-Zambrano, E. and Veicht, A. and Velkovska, J. and V\'ertesi, R. and Vinogradov, A. A. and Virius, M. and Voas, B. and Vossen, A. and Vrba, V. and Vznuzdaev, E. and Wagner, M. and Walker, D. and Wang, X. R. and Watanabe, D. and Watanabe, K. and Watanabe, Y. and Watanabe, Y. S. and Wei, F. and Wei, R. and Wessels, J. and Whitaker, S. and White, A. S. and White, S. N. and Willis, N. and Winter, D. and Wolin, S. and Woody, C. L. and Wright, R. M. and Wysocki, M. and Xia, B. and Xie, W. and Xue, L. and Yalcin, S. and Yamaguchi, Y. L. and Yamaura, K. and Yang, R. and Yanovich, A. and Yasin, Z. and Ying, J. and Yokkaichi, S. and Yoo, J. H. and Yoon, I. and You, Z. and Young, G. R. and Younus, I. and Yu, H. and Yushmanov, I. E. and Zajc, W. A. and Zaudtke, O. and Zelenski, A. and Zhang, C. and Zhou, S. and Zimamyi, J. and Zolin, L. and Zou, L.},
  collaboration = {PHENIX Collaboration},
  journal = {Phys. Rev. C},
  volume = {93},
  issue = {2},
  pages = {024901},
  numpages = {30},
  year = {2016},
  month = {Feb},
  publisher = {American Physical Society},
  doi = {10.1103/PhysRevC.93.024901},
  url = {https://link.aps.org/doi/10.1103/PhysRevC.93.024901}
}

%\BES paper with pT spectra
@article{PhysRevC.96.044904,
  title = {Bulk properties of the medium produced in relativistic heavy-ion collisions from the beam energy scan program},
  author = {Adamczyk, L. and Adkins, J. K. and Agakishiev, G. and Aggarwal, M. M. and Ahammed, Z. and Ajitanand, N. N. and Alekseev, I. and Anderson, D. M. and Aoyama, R. and Aparin, A. and Arkhipkin, D. and Aschenauer, E. C. and Ashraf, M. U. and Attri, A. and Averichev, G. S. and Bai, X. and Bairathi, V. and Behera, A. and Bellwied, R. and Bhasin, A. and Bhati, A. K. and Bhattarai, P. and Bielcik, J. and Bielcikova, J. and Bland, L. C. and Bordyuzhin, I. G. and Bouchet, J. and Brandenburg, J. D. and Brandin, A. V. and Brown, D. and Bunzarov, I. and Butterworth, J. and Caines, H. and Calder\'on de la Barca S\'anchez, M. and Campbell, J. M. and Cebra, D. and Chakaberia, I. and Chaloupka, P. and Chang, Z. and Chankova-Bunzarova, N. and Chatterjee, A. and Chattopadhyay, S. and Chen, X. and Chen, J. H. and Chen, X. and Cheng, J. and Cherney, M. and Christie, W. and Contin, G. and Crawford, H. J. and Das, S. and De Silva, L. C. and Debbe, R. R. and Dedovich, T. G. and Deng, J. and Derevschikov, A. A. and Didenko, L. and Dilks, C. and Dong, X. and Drachenberg, J. L. and Draper, J. E. and Dunkelberger, L. E. and Dunlop, J. C. and Efimov, L. G. and Elsey, N. and Engelage, J. and Eppley, G. and Esha, R. and Esumi, S. and Evdokimov, O. and Ewigleben, J. and Eyser, O. and Fatemi, R. and Fazio, S. and Federic, P. and Federicova, P. and Fedorisin, J. and Feng, Z. and Filip, P. and Finch, E. and Fisyak, Y. and Flores, C. E. and Fulek, L. and Gagliardi, C. A. and Garand, D. and Geurts, F. and Gibson, A. and Girard, M. and Grosnick, D. and Gunarathne, D. S. and Guo, Y. and Gupta, A. and Gupta, S. and Guryn, W. and Hamad, A. I. and Hamed, A. and Harlenderova, A. and Harris, J. W. and He, L. and Heppelmann, S. and Heppelmann, S. and Hirsch, A. and Hoffmann, G. W. and Horvat, S. and Huang, T. and Huang, B. and Huang, X. and Huang, H. Z. and Humanic, T. J. and Huo, P. and Igo, G. and Jacobs, W. W. and Jentsch, A. and Jia, J. and Jiang, K. and Jowzaee, S. and Judd, E. G. and Kabana, S. and Kalinkin, D. and Kang, K. and Kauder, K. and Ke, H. W. and Keane, D. and Kechechyan, A. and Khan, Z. and Kiko\l{}a, D. P. and Kisel, I. and Kisiel, A. and Kochenda, L. and Kocmanek, M. and Kollegger, T. and Kosarzewski, L. K. and Kraishan, A. F. and Kravtsov, P. and Krueger, K. and Kulathunga, N. and Kumar, L. and Kvapil, J. and Kwasizur, J. H. and Lacey, R. and Landgraf, J. M. and Landry, K. D. and Lauret, J. and Lebedev, A. and Lednicky, R. and Lee, J. H. and Li, X. and Li, C. and Li, W. and Li, Y. and Lidrych, J. and Lin, T. and Lisa, M. A. and Liu, H. and Liu, P. and Liu, Y. and Liu, F. and Ljubicic, T. and Llope, W. J. and Lomnitz, M. and Longacre, R. S. and Luo, S. and Luo, X. and Ma, G. L. and Ma, L. and Ma, Y. G. and Ma, R. and Magdy, N. and Majka, R. and Mallick, D. and Margetis, S. and Markert, C. and Matis, H. S. and Meehan, K. and Mei, J. C. and Miller, Z. W. and Minaev, N. G. and Mioduszewski, S. and Mishra, D. and Mizuno, S. and Mohanty, B. and Mondal, M. M. and Morozov, D. A. and Mustafa, M. K. and Nasim, Md. and Nayak, T. K. and Nelson, J. M. and Nie, M. and Nigmatkulov, G. and Niida, T. and Nogach, L. V. and Nonaka, T. and Nurushev, S. B. and Odyniec, G. and Ogawa, A. and Oh, K. and Okorokov, V. A. and Olvitt, D. and Page, B. S. and Pak, R. and Pandit, Y. and Panebratsev, Y. and Pawlik, B. and Pei, H. and Perkins, C. and Pile, P. and Pluta, J. and Poniatowska, K. and Porter, J. and Posik, M. and Poskanzer, A. M. and Pruthi, N. K. and Przybycien, M. and Putschke, J. and Qiu, H. and Quintero, A. and Ramachandran, S. and Ray, R. L. and Reed, R. and Rehbein, M. J. and Ritter, H. G. and Roberts, J. B. and Rogachevskiy, O. V. and Romero, J. L. and Roth, J. D. and Ruan, L. and Rusnak, J. and Rusnakova, O. and Sahoo, N. R. and Sahu, P. K. and Salur, S. and Sandweiss, J. and Saur, M. and Schambach, J. and Schmah, A. M. and Schmidke, W. B. and Schmitz, N. and Schweid, B. R. and Seger, J. and Sergeeva, M. and Seyboth, P. and Shah, N. and Shahaliev, E. and Shanmuganathan, P. V. and Shao, M. and Sharma, A. and Sharma, M. K. and Shen, W. Q. and Shi, Z. and Shi, S. S. and Shou, Q. Y. and Sichtermann, E. P. and Sikora, R. and Simko, M. and Singha, S. and Skoby, M. J. and Smirnov, N. and Smirnov, D. and Solyst, W. and Song, L. and Sorensen, P. and Spinka, H. M. and Srivastava, B. and Stanislaus, T. D. S. and Strikhanov, M. and Stringfellow, B. and Sugiura, T. and Sumbera, M. and Summa, B. and Sun, Y. and Sun, X. M. and Sun, X. and Surrow, B. and Svirida, D. N. and Tang, A. H. and Tang, Z. and Taranenko, A. and Tarnowsky, T. and Tawfik, A. and Th\"ader, J. and Thomas, J. H. and Timmins, A. R. and Tlusty, D. and Todoroki, T. and Tokarev, M. and Trentalange, S. and Tribble, R. E. and Tribedy, P. and Tripathy, S. K. and Trzeciak, B. A. and Tsai, O. D. and Ullrich, T. and Underwood, D. G. and Upsal, I. and Van Buren, G. and van Nieuwenhuizen, G. and Vasiliev, A. N. and Videb\ae{}k, F. and Vokal, S. and Voloshin, S. A. and Vossen, A. and Wang, G. and Wang, Y. and Wang, F. and Wang, Y. and Webb, J. C. and Webb, G. and Wen, L. and Westfall, G. D. and Wieman, H. and Wissink, S. W. and Witt, R. and Wu, Y. and Xiao, Z. G. and Xie, W. and Xie, G. and Xu, J. and Xu, N. and Xu, Q. H. and Xu, Y. F. and Xu, Z. and Yang, Y. and Yang, Q. and Yang, C. and Yang, S. and Ye, Z. and Ye, Z. and Yi, L. and Yip, K. and Yoo, I.-K. and Yu, N. and Zbroszczyk, H. and Zha, W. and Zhang, Z. and Zhang, X. P. and Zhang, J. B. and Zhang, S. and Zhang, J. and Zhang, Y. and Zhang, J. and Zhang, S. and Zhao, J. and Zhong, C. and Zhou, L. and Zhou, C. and Zhu, X. and Zhu, Z. and Zyzak, M.},
  collaboration = {STAR Collaboration},
  journal = {Phys. Rev. C},
  volume = {96},
  issue = {4},
  pages = {044904},
  numpages = {33},
  year = {2017},
  month = {Oct},
  publisher = {American Physical Society},
  doi = {10.1103/PhysRevC.96.044904},
  url = {https://link.aps.org/doi/10.1103/PhysRevC.96.044904}
}

%\ contains description of analysis procedure for dET/dEta
@article{PhysRevC.89.044905,
  title = {Transverse-energy distributions at midrapidity in $p+p$, $d+\mathrm{Au}$, and $\mathrm{Au}+\mathrm{Au}$ collisions at $\sqrt{{s}_{\mathit{\text{NN}}}}=62.4$\char21{}200 GeV and implications for particle-production models},
  author = {Adler, S. S. and Afanasiev, S. and Aidala, C. and Ajitanand, N. N. and Akiba, Y. and Al-Jamel, A. and Alexander, J. and Aoki, K. and Aphecetche, L. and Armendariz, R. and Aronson, S. H. and Averbeck, R. and Awes, T. C. and Azmoun, B. and Babintsev, V. and Baldisseri, A. and Barish, K. N. and Barnes, P. D. and Bassalleck, B. and Bathe, S. and Batsouli, S. and Baublis, V. and Bauer, F. and Bazilevsky, A. and Belikov, S. and Bennett, R. and Berdnikov, Y. and Bjorndal, M. T. and Boissevain, J. G. and Borel, H. and Boyle, K. and Brooks, M. L. and Brown, D. S. and Bruner, N. and Bucher, D. and Buesching, H. and Bumazhnov, V. and Bunce, G. and Burward-Hoy, J. M. and Butsyk, S. and Camard, X. and Campbell, S. and Chai, J.-S. and Chand, P. and Chang, W. C. and Chernichenko, S. and Chi, C. Y. and Chiba, J. and Chiu, M. and Choi, I. J. and Choudhury, R. K. and Chujo, T. and Cianciolo, V. and Cleven, C. R. and Cobigo, Y. and Cole, B. A. and Comets, M. P. and Constantin, P. and Csan\'ad, M. and Cs\"org\ifmmode \mbox{\H{o}}\else \H{o}\fi{}, T. and Cussonneau, J. P. and Dahms, T. and Das, K. and David, G. and De\'ak, F. and Delagrange, H. and Denisov, A. and d'Enterria, D. and Deshpande, A. and Desmond, E. J. and Devismes, A. and Dietzsch, O. and Dion, A. and Drachenberg, J. L. and Drapier, O. and Drees, A. and Dubey, A. K. and Durum, A. and Dutta, D. and Dzhordzhadze, V. and Efremenko, Y. V. and Egdemir, J. and Enokizono, A. and En'yo, H. and Espagnon, B. and Esumi, S. and Fields, D. E. and Finck, C. and Fleuret, F. and Fokin, S. L. and Forestier, B. and Fox, B. D. and Fraenkel, Z. and Frantz, J. E. and Franz, A. and Frawley, A. D. and Fukao, Y. and Fung, S.-Y. and Gadrat, S. and Gastineau, F. and Germain, M. and Glenn, A. and Gonin, M. and Gosset, J. and Goto, Y. and Granier de Cassagnac, R. and Grau, N. and Greene, S. V. and Grosse Perdekamp, M. and Gunji, T. and Gustafsson, H.-\AA{}. and Hachiya, T. and Hadj Henni, A. and Haggerty, J. S. and Hagiwara, M. N. and Hamagaki, H. and Hansen, A. G. and Harada, H. and Hartouni, E. P. and Haruna, K. and Harvey, M. and Haslum, E. and Hasuko, K. and Hayano, R. and He, X. and Heffner, M. and Hemmick, T. K. and Heuser, J. M. and Hidas, P. and Hiejima, H. and Hill, J. C. and Hobbs, R. and Holmes, M. and Holzmann, W. and Homma, K. and Hong, B. and Hoover, A. and Horaguchi, T. and Hur, M. G. and Ichihara, T. and Iinuma, H. and Ikonnikov, V. V. and Imai, K. and Inaba, M. and Inuzuka, M. and Isenhower, D. and Isenhower, L. and Ishihara, M. and Isobe, T. and Issah, M. and Isupov, A. and Jacak, B. V. and Jia, J. and Jin, J. and Jinnouchi, O. and Johnson, B. M. and Johnson, S. C. and Joo, K. S. and Jouan, D. and Kajihara, F. and Kametani, S. and Kamihara, N. and Kaneta, M. and Kang, J. H. and Katou, K. and Kawabata, T. and Kawagishi, T. and Kazantsev, A. V. and Kelly, S. and Khachaturov, B. and Khanzadeev, A. and Kikuchi, J. and Kim, D. J. and Kim, E. and Kim, E. J. and Kim, G.-B. and Kim, H. J. and Kim, Y.-S. and Kinney, E. and Kiss, \'A. and Kistenev, E. and Kiyomichi, A. and Klein-Boesing, C. and Kobayashi, H. and Kochenda, L. and Kochetkov, V. and Kohara, R. and Komkov, B. and Konno, M. and Kotchetkov, D. and Kozlov, A. and Kroon, P. J. and Kuberg, C. H. and Kunde, G. J. and Kurihara, N. and Kurita, K. and Kweon, M. J. and Kwon, Y. and Kyle, G. S. and Lacey, R. and Lajoie, J. G. and Lebedev, A. and Le Bornec, Y. and Leckey, S. and Lee, D. M. and Lee, M. K. and Leitch, M. J. and Leite, M. A. L. and Li, X. H. and Lim, H. and Litvinenko, A. and Liu, M. X. and Maguire, C. F. and Makdisi, Y. I. and Malakhov, A. and Malik, M. D. and Manko, V. I. and Mao, Y. and Martinez, G. and Masui, H. and Matathias, F. and Matsumoto, T. and McCain, M. C. and McGaughey, P. L. and Miake, Y. and Miller, T. E. and Milov, A. and Mioduszewski, S. and Mishra, G. C. and Mitchell, J. T. and Mohanty, A. K. and Morrison, D. P. and Moss, J. M. and Moukhanova, T. V. and Mukhopadhyay, D. and Muniruzzaman, M. and Murata, J. and Nagamiya, S. and Nagata, Y. and Nagle, J. L. and Naglis, M. and Nakamura, T. and Newby, J. and Nguyen, M. and Norman, B. E. and Nyanin, A. S. and Nystrand, J. and O'Brien, E. and Ogilvie, C. A. and Ohnishi, H. and Ojha, I. D. and Okada, K. and Omiwade, O. O. and Oskarsson, A. and Otterlund, I. and Oyama, K. and Ozawa, K. and Pal, D. and Palounek, A. P. T. and Pantuev, V. and Papavassiliou, V. and Park, J. and Park, W. J. and Pate, S. F. and Pei, H. and Penev, V. and Peng, J.-C. and Pereira, H. and Peresedov, V. and Peressounko, D.Yu. and Pierson, A. and Pinkenburg, C. and Pisani, R. P. and Purschke, M. L. and Purwar, A. K. and Qu, H. and Qualls, J. M. and Rak, J. and Ravinovich, I. and Read, K. F. and Reuter, M. and Reygers, K. and Riabov, V. and Riabov, Y. and Roche, G. and Romana, A. and Rosati, M. and Rosendahl, S. S. E. and Rosnet, P. and Rukoyatkin, P. and Rykov, V. L. and Ryu, S. S. and Sahlmueller, B. and Saito, N. and Sakaguchi, T. and Sakai, S. and Samsonov, V. and Sanfratello, L. and Santo, R. and Sarsour, M. and Sato, H. D. and Sato, S. and Sawada, S. and Schutz, Y. and Semenov, V. and Seto, R. and Sharma, D. and Shea, T. K. and Shein, I. and Shibata, T.-A. and Shigaki, K. and Shimomura, M. and Shohjoh, T. and Shoji, K. and Sickles, A. and Silva, C. L. and Silvermyr, D. and Sim, K. S. and Singh, C. P. and Singh, V. and Skutnik, S. and Smith, W. C. and Soldatov, A. and Soltz, R. A. and Sondheim, W. E. and Sorensen, S. P. and Sourikova, I. V. and Staley, F. and Stankus, P. W. and Stenlund, E. and Stepanov, M. and Ster, A. and Stoll, S. P. and Sugitate, T. and Suire, C. and Sullivan, J. P. and Sziklai, J. and Tabaru, T. and Takagi, S. and Takagui, E. M. and Taketani, A. and Tanaka, K. H. and Tanaka, Y. and Tanida, K. and Tannenbaum, M. J. and Taranenko, A. and Tarj\'an, P. and Thomas, T. L. and Togawa, M. and Tojo, J. and Torii, H. and Towell, R. S. and Tram, V-N. and Tserruya, I. and Tsuchimoto, Y. and Tuli, S. K. and Tydesj\"o, H. and Tyurin, N. and Uam, T. J. and Vale, C. and Valle, H. and van Hecke, H. W. and Velkovska, J. and Velkovsky, M. and V\'ertesi, R. and Veszpr\'emi, V. and Vinogradov, A. A. and Volkov, M. A. and Vznuzdaev, E. and Wagner, M. and Wang, X. R. and Watanabe, Y. and Wessels, J. and White, S. N. and Willis, N. and Winter, D. and Wohn, F. K. and Woody, C. L. and Wysocki, M. and Xie, W. and Yanovich, A. and Yokkaichi, S. and Young, G. R. and Younus, I. and Yushmanov, I. E. and Zajc, W. A. and Zaudtke, O. and Zhang, C. and Zhou, S. and Zim\'anyi, J. and Zolin, L. and Zong, X.},
  collaboration = {PHENIX Collaboration},
  journal = {Phys. Rev. C},
  volume = {89},
  issue = {4},
  pages = {044905},
  numpages = {22},
  year = {2014},
  month = {Apr},
  publisher = {American Physical Society},
  doi = {10.1103/PhysRevC.89.044905},
  url = {https://link.aps.org/doi/10.1103/PhysRevC.89.044905}
}

%\ similar content but older than above reference and 
@article{PhysRevC.71.034908,
  title = {Systematic studies of the centrality and $\sqrt{{s}_{{}_{\mathit{NN}}}}$ dependence of the $dE{}_{T}/d\ensuremath{\eta}$ and $dN{}_{\mathrm{ch}}/d\ensuremath{\eta}$ in heavy ion collisions at midrapidity},
  author = {Adler, S. S. and Afanasiev, S. and Aidala, C. and Ajitanand, N. N. and Akiba, Y. and Alexander, J. and Amirikas, R. and Aphecetche, L. and Aronson, S. H. and Averbeck, R. and Awes, T. C. and Azmoun, R. and Babintsev, V. and Baldisseri, A. and Barish, K. N. and Barnes, P. D. and Bassalleck, B. and Bathe, S. and Batsouli, S. and Baublis, V. and Bazilevsky, A. and Belikov, S. and Berdnikov, Y. and Bhagavatula, S. and Boissevain, J. G. and Borel, H. and Borenstein, S. and Brooks, M. L. and Brown, D. S. and Bruner, N. and Bucher, D. and Buesching, H. and Bumazhnov, V. and Bunce, G. and Burward-Hoy, J. M. and Butsyk, S. and Camard, X. and Chai, J.-S. and Chand, P. and Chang, W. C. and Chernichenko, S. and Chi, C. Y. and Chiba, J. and Chiu, M. and Choi, I. J. and Choi, J. and Choudhury, R. K. and Chujo, T. and Cianciolo, V. and Cobigo, Y. and Cole, B. A. and Constantin, P. and d'Enterria, D. G. and David, G. and Delagrange, H. and Denisov, A. and Deshpande, A. and Desmond, E. J. and Dietzsch, O. and Drapier, O. and Drees, A. and Rietz, R. du and Durum, A. and Dutta, D. and Efremenko, Y. V. and Chenawi, K. El and Enokizono, A. and En'yo, H. and Esumi, S. and Ewell, L. and Fields, D. E. and Fleuret, F. and Fokin, S. L. and Fox, B. D. and Fraenkel, Z. and Frantz, J. E. and Franz, A. and Frawley, A. D. and Fung, S.-Y. and Garpman, S. and Ghosh, T. K. and Glenn, A. and Gogiberidze, G. and Gonin, M. and Gosset, J. and Goto, Y. and Cassagnac, R. Granier de and Grau, N. and Greene, S. V. and Perdekamp, M. Grosse and Guryn, W. and Gustafsson, H.-\AA{}. and Hachiya, T. and Haggerty, J. S. and Hamagaki, H. and Hansen, A. G. and Hartouni, E. P. and Harvey, M. and Hayano, R. and He, X. and Heffner, M. and Hemmick, T. K. and Heuser, J. M. and Hibino, M. and Hill, J. C. and Holzmann, W. and Homma, K. and Hong, B. and Hoover, A. and Ichihara, T. and Ikonnikov, V. V. and Imai, K. and Isenhower, D. and Ishihara, M. and Issah, M. and Isupov, A. and Jacak, B. V. and Jang, W. Y. and Jeong, Y. and Jia, J. and Jinnouchi, O. and Johnson, B. M. and Johnson, S. C. and Joo, K. S. and Jouan, D. and Kametani, S. and Kamihara, N. and Kang, J. H. and Kapoor, S. S. and Katou, K. and Kelly, S. and Khachaturov, B. and Khanzadeev, A. and Kikuchi, J. and Kim, D. H. and Kim, D. J. and Kim, D. W. and Kim, E. and Kim, G.-B. and Kim, H. J. and Kistenev, E. and Kiyomichi, A. and Kiyoyama, K. and Klein-Boesing, C. and Kobayashi, H. and Kochenda, L. and Kochetkov, V. and Koehler, D. and Kohama, T. and Kopytine, M. and Kotchetkov, D. and Kozlov, A. and Kroon, P. J. and Kuberg, C. H. and Kurita, K. and Kuroki, Y. and Kweon, M. J. and Kwon, Y. and Kyle, G. S. and Lacey, R. and Ladygin, V. and Lajoie, J. G. and Lebedev, A. and Leckey, S. and Lee, D. M. and Lee, S. and Leitch, M. J. and Li, X. H. and Lim, H. and Litvinenko, A. and Liu, M. X. and Liu, Y. and Maguire, C. F. and Makdisi, Y. I. and Malakhov, A. and Manko, V. I. and Mao, Y. and Martinez, G. and Marx, M. D. and Masui, H. and Matathias, F. and Matsumoto, T. and McGaughey, P. L. and Melnikov, E. and Mendenhall, M. and Messer, F. and Miake, Y. and Milan, J. and Miller, T. E. and Milov, A. and Mioduszewski, S. and Mischke, R. E. and Mishra, G. C. and Mitchell, J. T. and Mohanty, A. K. and Morrison, D. P. and Moss, J. M. and M\"uhlbacher, F. and Mukhopadhyay, D. and Muniruzzaman, M. and Murata, J. and Nagamiya, S. and Nagle, J. L. and Nakamura, T. and Nandi, B. K. and Nara, M. and Newby, J. and Nilsson, P. and Nyanin, A. S. and Nystrand, J. and O'Brien, E. and Ogilvie, C. A. and Ohnishi, H. and Ojha, I. D. and Okada, K. and Ono, M. and Onuchin, V. and Oskarsson, A. and Otterlund, I. and Oyama, K. and Ozawa, K. and Pal, D. and Palounek, A. P. T. and Pantuev, V. S. and Papavassiliou, V. and Park, J. and Parmar, A. and Pate, S. F. and Peitzmann, T. and Peng, J.-C. and Peresedov, V. and Pinkenburg, C. and Pisani, R. P. and Plasil, F. and Purschke, M. L. and Purwar, A. K. and Rak, J. and Ravinovich, I. and Read, K. F. and Reuter, M. and Reygers, K. and Riabov, V. and Riabov, Y. and Roche, G. and Romana, A. and Rosati, M. and Rosnet, P. and Ryu, S. S. and Sadler, M. E. and Saito, N. and Sakaguchi, T. and Sakai, M. and Sakai, S. and Samsonov, V. and Sanfratello, L. and Santo, R. and Sato, H. D. and Sato, S. and Sawada, S. and Schutz, Y. and Semenov, V. and Seto, R. and Shaw, M. R. and Shea, T. K. and Shibata, T.-A. and Shigaki, K. and Shiina, T. and Silva, C. L. and Silvermyr, D. and Sim, K. S. and Singh, C. P. and Singh, V. and Sivertz, M. and Soldatov, A. and Soltz, R. A. and Sondheim, W. E. and Sorensen, S. P. and Sourikova, I. V. and Staley, F. and Stankus, P. W. and Stenlund, E. and Stepanov, M. and Ster, A. and Stoll, S. P. and Sugitate, T. and Sullivan, J. P. and Takagui, E. M. and Taketani, A. and Tamai, M. and Tanaka, K. H. and Tanaka, Y. and Tanida, K. and Tannenbaum, M. J. and Tarj\'an, P. and Tepe, J. D. and Thomas, T. L. and Tojo, J. and Torii, H. and Towell, R. S. and Tserruya, I. and Tsuruoka, H. and Tuli, S. K. and Tydesj\"o, H. and Tyurin, N. and Hecke, H. W. van and Velkovska, J. and Velkovsky, M. and Villatte, L. and Vinogradov, A. A. and Volkov, M. A. and Vznuzdaev, E. and Wang, X. R. and Watanabe, Y. and White, S. N. and Wohn, F. K. and Woody, C. L. and Xie, W. and Yang, Y. and Yanovich, A. and Yokkaichi, S. and Young, G. R. and Yushmanov, I. E. and Zajc, W. A. and Zhang, C. and Zhou, S. and Zhou, S. J. and Zolin, L.},
  collaboration = {PHENIX Collaboration},
  journal = {Phys. Rev. C},
  volume = {71},
  issue = {3},
  pages = {034908},
  numpages = {25},
  year = {2005},
  month = {Mar},
  publisher = {American Physical Society},
  doi = {10.1103/PhysRevC.71.034908},
  url = {https://link.aps.org/doi/10.1103/PhysRevC.71.034908}
}


%\ The ALICE experiment at the CERN LHC  	
@article{1748-0221-3-08-S08002,
  author={The ALICE Collaboration and K Aamodt and A Abrahantes Quintana and R Achenbach and S Acounis and D Adamová and C Adler and M
Aggarwal and F Agnese and G Aglieri Rinella and Z Ahammed and A Ahmad and N Ahmad and S Ahmad and A Akindinov and P Akishin and D
Aleksandrov and B Alessandro and R Alfaro and G Alfarone and A Alici and J Alme and T Alt and S Altinpinar and W Amend and C Andrei and Y
Andres and A Andronic and G Anelli and M Anfreville and V Angelov and A Anzo and C Anson and T Anticić and V Antonenko and D Antonczyk and F
Antinori and S Antinori and P Antonioli and L Aphecetche and H Appelshäuser and V Aprodu and M Arba and S Arcelli and A Argentieri and N
Armesto and R Arnaldi and A Arefiev and I Arsene and A Asryan and A Augustinus and T C Awes and J Äysto and M Danish Azmi and S
Bablock and A Badalà and S K Badyal and J Baechler and S Bagnasco and R Bailhache and R Bala and A Baldisseri and A Baldit and J Bán and R
Barbera and P-L Barberis and J M Barbet and G Barnäfoldi and V Barret and J Bartke and D Bartos and M Basile and V Basmanov and N
Bastid and G Batigne and B Batyunya and J Baudot and C Baumann and I Bearden and B Becker and J Belikov and R Bellwied and E
Belmont-Moreno and A Belogianni and S Belyaev and A Benato and J L Beney and L Benhabib and F Benotto and S Beolé and I Berceanu and A
Bercuci and E Berdermann and Y Berdnikov and C Bernard and R Berny and J D Berst and H Bertelsen and L Betev and A Bhasin and P Baskar and A
Bhati and N Bianchi and J Bielčik and J Bielčiková and L Bimbot and G Blanchard and F Blanco and F Blanco and D Blau and C Blume and S
Blyth and M Boccioli and A Bogdanov and H Bøggild and M Bogolyubsky and L Boldizsár and M Bombara and C Bombonati and M Bondila and D
Bonnet and V Bonvicini and H Borel and F Borotto and V Borshchov and Y Bortoli and O Borysov and S Bose and L Bosisio and M Botje and S
Böttger and G Bourdaud and O Bourrion and S Bouvier and A Braem and M Braun and P Braun-Munzinger and L Bravina and M Bregant and G
Bruckner and R Brun and E Bruna and O Brunasso and G E Bruno and D Bucher and V Budilov and D Budnikov and H Buesching and P Buncic and M
Burns and S Burachas and O Busch and J Bushop and X Cai and H Caines and F Calaon and M Caldogno and I Cali and P Camerini and R
Campagnolo and M Campbell and X Cao and G P Capitani and G Cara Romeo and M Cardenas-Montes and H Carduner and F Carena and W
Carena and P Cariola and F Carminati and J Casado and A Casanova Diaz and M Caselle and J Castillo Castellanos and J Castor and V
Catanescu and E Cattaruzza and D Cavazza and P Cerello and S Ceresa and V Černý and V Chambert and S Chapeland and A Charpy and D
Charrier and M Chartoire and J L Charvet and S Chattopadhyay and S Chattopadhyay and V Chepurnov and S Chernenko and M Cherney and C
Cheshkov and B Cheynis and P Chochula and E Chiavassa and V Chibante Barroso and J Choi and P Christakoglou and P Christiansen and C
Christensen and O A Chykalov and C Cicalo and L Cifarelli-Strolin and M Ciobanu and F Cindolo and C Cirstoiu and O Clausse and J
Cleymans and O Cobanoglu and J-P Coffin and S Coli and A Colla and C Colledani and C Combaret and M Combet and M Comets and G Conesa
Balbastre and Z Conesa del Valle and G Contin and J Contreras and T Cormier and F Corsi and P Cortese and F Costa and E Crescio and P
Crochet and E Cuautle and J Cussonneau and M Dahlinger and A Dainese and H H Dalsgaard and L Daniel and I Das and T Das and A Dash and R Da
Silva and M Davenport and H Daues and A De Caro and G de Cataldo and J De Cuveland and A De Falco and M de Gaspari and P de
Girolamo and J de Groot and D De Gruttola and A De Haas and N De Marco and S De Pasquale and P De Remigis and D de Vaux and G
Decock and H Delagrange and M Del Franco and G Dellacasa and C Dell'Olio and D Dell'Olio and A Deloff and V Demanov and E Dénes and G
D'Erasmo and D Derkach and A Devaux and D Di Bari and A Di Bartolomeo and C Di Giglio and S Di Liberto and A Di Mauro and P Di
Nezza and M Dialinas and L Diaz and R Díaz Valdes and T Dietel and R Dima and H Ding and C Dinca and R Divià and V Dobretsov and A Dobrin and B
Doenigus and T Dobrowolski and I Domínguez and M Dorn and S Drouet and A E Dubey and L Ducroux and F Dumitrache and E Dumonteil and P
Dupieux and V Duta and A Dutta Majumdar and M Dutta Majumdar and Th Dyhre and L Efimov and A Efremov and D Elia and D Emschermann and C
Engster and A Enokizono and B Espagnon and M Estienne and A Evangelista and D Evans and S Evrard and C W Fabjan and D Fabris and J
Faivre and D Falchieri and A Fantoni and R Farano and R Fearick and O Fedorov and V Fekete and D Felea and G Feofilov and A Férnandez
Téllez and A Ferretti and F Fichera and S Filchagin and E Filoni and C Finck and R Fini and E M Fiore and D Flierl and M Floris and Z
Fodor and Y Foka and S Fokin and P Force and F Formenti and E Fragiacomo and M Fragkiadakis and D Fraissard and A Franco and M Franco and U
Frankenfeld and U Fratino and S Fresneau and A Frolov and U Fuchs and J Fujita and C Furget and M Furini and M Fusco Girard and J-J
Gaardhøje and A Gabrielli and S Gadrat and M Gagliardi and A Gago and L Gaido and A Gallas Torreira and M Gallio and E Gandolfi and P
Ganoti and M Ganti and J Garabatos and A Garcia Lopez and L Garizzo and L Gaudichet and R Gemme and M Germain and A Gheata and M
Gheata and B Ghidini and P Ghosh and G Giolu and G Giraudo and P Giubellino and R Glasow and P Glässel and E G Ferreiro and C Gonzalez
Gutierrez and L H Gonzales-Trueba and S Gorbunov and Y Gorbunov and H Gos and J Gosset and S Gotovac and H Gottschlag and D
Gottschalk and V Grabski and T Grassi and H Gray and O Grebenyuk and K Grebieszkow and C Gregory and C Grigoras and N Grion and V
Grigoriev and A Grigoryan and C Grigoryan and S Grigoryan and Y Grishuk and P Gros and J Grosse-Oetringhaus and J-Y Grossiord and R
Grosso and B Grynyov and C Guarnaccia and F Guber and F Guerin and R Guernane and M Guerzoni and A Guichard and M Guida and G Guilloux and H
Gulkanyan and K Gulbrandsen and T Gunji and A Gupta and V Gupta and H-A Gustafsson and H Gutbrod and C Hadjidakis and M Haiduc and G
Hamar and H Hamagaki and J Hamblen and J C Hansen and P Hardy and D Hatzifotiadou and J W Harris and M Hartig and A Harutyunyan and A
Hayrapetyan and D Hasch and D Hasegan and J Hehner and N Heine and M Heinz and H Helstrup and A Herghelegiu and S Herlant and G Herrera
Corral and N Herrmann and K Hetland and P Hille and H Hinke and B Hippolyte and M Hoch and H Hoebbel and H Hoedlmoser and T Horaguchi and M
Horner and P Hristov and I Hřivnáčová and S Hu and C Hu Guo and T Humanic and A Hurtado and D S Hwang and J C Ianigro and M Idzik and S
Igolkin and R Ilkaev and I Ilkiv and M Imhoff and P G Innocenti and E Ionescu and M Ippolitov and M Irfan and C Insa and M Inuzuka and C
Ivan and A Ivanov and M Ivanov and V Ivanov and P Jacobs and A Jacholkowski and L Jančurová and R Janik and M Jasper and C Jena and L
Jirden and D P Johnson and G T Jones and C Jorgensen and F Jouve and P Jovanović and A Junique and A Jusko and H Jung and W Jung and K
Kadija and A Kamal and R Kamermans and S Kapusta and A Kaidalov and V Kakoyan and S Kalcher and E Kang and J Kapitan and V Kaplin and K
Karadzhev and O Karavichev and T Karavicheva and E Karpechev and K Karpio and A Kazantsev and U Kebschull and R Keidel and M Mohsin
Khan and A Khanzadeev and Y Kharlov and D Kikola and B Kileng and D Kim and D S Kim and D W Kim and H N Kim and J S Kim and S Kim and J B
Kinson and S K Kiprich and I Kisel and S Kiselev and A Kisiel and T Kiss and V Kiworra and J Klay and C Klein Bösing and M Kliemant and A
Klimov and A Klovning and A Kluge and R Kluit and S Kniege and R Kolevatov and T Kollegger and A Kolojvari and V Kondratiev and E
Kornas and E Koshurnikov and I Kotov and R Kour and M Kowalski and S Kox and K Kozlov and I Králik and F Kramer and I Kraus and A
Kravčáková and T Krawutschke and M Krivda and E Kryshen and Y Kucheriaev and A Kugler and C Kuhn and P Kuijer and L Kumar and N Kumar and P
Kumpumaeki and A Kurepin and A N Kurepin and S Kushpil and V Kushpil and M Kutovsky and H Kvaerno and M Kweon and J-C Labbé and F
Lackner and P Ladron de Guevara and V Lafage and P La Rocca and M Lamont and C Lara and D T Larsen and G Laurenti and C Lazzeroni and Y
Le Bornec and N Le Bris and C Le Gailliard and V Lebedev and J Lecoq and K S Lee and S C Lee and F Lefévre and I Legrand and T Lehmann and L
Leistam and P Lenoir and V Lenti and H Leon and I Leon Monzon and P Lévai and Q Li and X Li and F Librizzi and R Lietava and N Lindegaard and V
Lindenstruth and C Lippmann and M Lisa and O M Listratenko and F Littel and Y Liu and J Lo and V Lobanov and V Loginov and M López
Noriega and R López-Ramírez and E López Torres and P M Lorenzo and G Løvhøiden and S Lu and W Ludolphs and M Lunardon and L Luquin and S
Lusso and J-R Lutz and M Luvisetto and V Lyapin and A Maevskaya and C Magureanu and A Mahajan and S Majahan and T Mahmoud and A
Mairani and D Mahapatra and A Makarov and I Makhlyueva and M Malek and T Malkiewicz and D Mal'Kevich and P Malzacher and A Mamonov and C
Manea and L K Mangotra and D Maniero and V Manko and F Manso and V Manzari and Y Mao and A Marcel and S Marchini and J Mareš and G V
Margagliotti and A Margotti and A Marin and J-C Marin and D Marras and P Martinengo and M I Martínez and A Martinez-Davalos and G
Martínez Garcia and S Martini and A Marzari Chiesa and C Marzocca and S Masciocchi and M Masera and M Masetti and N I Maslov and A
Masoni and F Massera and M Mast and A Mastroserio and Z L Matthews and B Mayer and G Mazza and M D Mazzaro and A Mazzoni and F Meddi and E
Meleshko and A Menchaca-Rocha and S Meneghini and M Meoni and J Mercado Perez and P Mereu and O Meunier and Y Miake and A Michalon and R
Michinelli and N Miftakhov and M Mignone and K Mikhailov and J Milosevic and Y Minaev and F Minafra and A Mischke and D Miśkowiec and V
Mitsyn and C Mitu and B Mohanty and D Moisa and L Molnar and M Mondal and N Mondal and L Montaño Zetina and M Monteno and M Morando and M
Morel and S Moretto and Th Morhardt and A Morsch and T Moukhanova and M Mucchi and V Muccifora and E Mudnic and H Müller and W Müller and J
Munoz and D Mura and L Musa and J F Muraz and A Musso and R Nania and B Nandi and E Nappi and F Navach and S Navin and T Nayak and S Nazarenko and G
Nazarov and L Nellen and F Nendaz and A Nianine and M Nicassio and B S Nielsen and S Nikolaev and V Nikolic and S Nikulin and V
Nikulin and B Nilsen and M Nitti and F Noferini and P Nomokonov and G Nooren and F Noto and D Nouais and A Nyiri and J Nystrand and G
Odyniec and H Oeschler and M Oinonen and M Oldenburg and I Oleks and E K Olsen and V Onuchin and C Oppedisano and F Orsini and A
Ortiz-Velázquez and C Oskamp and A Oskarsson and F Osmic and L Österman and I Otterlund and G Ovrebekk and K Oyama and M Pachr and P
Pagano and G Paić and C Pajares and S Pal and S Pal and G Pálla and A Palmeri and G Pancaldi and R Panse and A Pantaleo and G S Pappalardo and B
Pastirčák and C Pastore and O Patarakin and V Paticchio and G Patimo and A Pavlinov and T Pawlak and T Peitzmann and Y Pénichot and A
Pepato and H Pereira and D Peresunko and C Perez and J Perez Griffo and D Perini and D Perrino and W Peryt and A Pesci and V Peskov and Y
Pestov and A J Peters and V Petráček and A Petridis and M Petris and V Petrov and V Petrov and M Petrovici and J Peyré and S Piano and A
Piccotti and P Pichot and C Piemonte and M Pikna and R Pilastrini and P Pillot and O Pinazza and B Pini and L Pinsky and V Pinto
Morais and V Pismennaya and F Piuz and R Platt and M Ploskon and S Plumeri and J Pluta and T Pocheptsov and P Podesta and F Poggio and M
Poghosyan and T Poghosyan and K Polák and B Polichtchouk and P Polozov and V Polyakov and B Pommeresch and F Pompei and A Pop and S
Popescu and F Posa and V Pospíšil and B Potukuchi and J Pouthas and S Prasad and R Preghenella and F Prino and L Prodan and G Prono and M A
Protsenko and C A Pruneau and A Przybyla and I Pshenichnov and G Puddu and P Pujahari and A Pulvirenti and A Punin and V Punin and J
Putschke and J Quartieri and E Quercigh and I Rachevskaya and A Rachevski and A Rademakers and S Radomski and A Radu and J Rak and L
Ramello and R Raniwala and S Raniwala and O B Rasmussen and J Rasson and V Razin and K Read and J Real and K Redlich and C Reichling and C
Renard and G Renault and R Renfordt and A R Reolon and A Reshetin and J-P Revol and K Reygers and H Ricaud and L Riccati and R A Ricci and M
Richter and P Riedler and L M Rigalleau and F Riggi and W Riegler and E Rindel and J Riso and A Rivetti and M Rizzi and V Rizzi and M
Rodriguez Cahuantzi and K Røed and D Röhrich and S Román-López and M Romanato and R Romita and F Ronchetti and P Rosinsky and P
Rosnet and S Rossegger and A Rossi and V Rostchin and F Rotondo and F Roukoutakis and S Rousseau and C Roy and D Roy and P Roy and L Royer and G
Rubin and A Rubio and R Rui and I Rusanov and G Russo and V Ruuskanen and E Ryabinkin and A Rybicki and S Sadovsky and K Šafařík and R
Sahoo and J Saini and P Saiz and S Salur and S Sambyal and V Samsonov and L Šándor and A Sandoval and H Sann and J-C Santiard and R Santo and R
Santoro and G Sargsyan and P Saturnini and E Scapparone and F Scarlassara and B Schackert and C Schiaua and R Schicker and T
Schioler and J D Schippers and C Schmidt and H Schmidt and R Schneider and K Schossmaier and J Schukraft and Y Schutz and K
Schwarz and K Schweda and E Schyns and G Scioli and E Scomparin and H Snow and S Sedykh and G Segato and S Sellitto and F Semeria and S
Senyukov and H Seppänen and S Serci and L Serkin and S Serra and T Sesselmann and A Sevcenco and I Sgura and G Shabratova and R
Shahoyan and E Sharkov and S Sharma and K Shigaki and K Shileev and P Shukla and A Shurygin and M Shurygina and Y Sibiriak and E Siddi and T
Siemiarczuk and M H Sigward and A Silenzi and D Silvermyr and R Silvestri and E Simili and V Simion and R Simon and L Simonetti and R
Singaraju and V Singhal and B Sinha and T Sinha and M Siska and B Sitár and M Sitta and B Skaali and P Skowronski and M Slodkowski and N
Smirnov and L Smykov and R Snellings and W Snoeys and C Soegaard and J Soerensen and O Sokolov and A Soldatov and A Soloviev and H
Soltveit and R Soltz and W Sommer and C Soos and F Soramel and S Sorensen and D Soyk and M Spyropoulou-Stassinaki and J Stachel and F
Staley and I Stan and A Stavinskiy and J Steckert and G Stefanini and G Stefanek and T Steinbeck and H Stelzer and E Stenlund and D
Stocco and M Stockmeier and G Stoicea and P Stolpovsky and P Strmeň and J S Stutzmann and G Su and T Sugitate and M Šumbera and C
Suire and T Susa and K Sushil Kumar and D Swoboda and J Symons and I Szarka and A Szostak and M Szuba and P Szymanski and M Tadel and C
Tagridis and L Tan and D Tapia Takaki and H Taureg and A Tauro and M Tavlet and G Tejeda Munoz and J Thäder and R Tieulent and P
Timmer and T Tolyhy and N Topilskaya and C Torcato de Matos and H Torii and L Toscano and F Tosello and A Tournaire and T Traczyk and G
Tröger and W Tromeur and D Truesdale and W Trzaska and G Tsiledakis and E Tsilis and A Tsvetkov and M Turcato and R Turrisi and M
Tuveri and T Tveter and H Tydesjo and L Tykarski and K Tywoniuk and E Ugolini and K Ullaland and J Urbán and G M Urciuoli and G L Usai and M
Usseglio and A Vacchi and M Vala and F Valiev and P Vande Vyvre and A Van Den Brink and N Van Eijndhoven and N Van Der Kolk and M
van Leeuwen and L Vannucci and S Vanzetto and J-P Vanuxem and M A Vargas and R Varma and A Vascotto and A Vasiliev and M Vassiliou and P
Vasta and V Vechernin and M Venaruzzo and E Vercellin and S Vergara and W Verhoeven and F Veronese and I Vetlitskiy and R Vernet and V
Victorov and L Vidak and G Viesti and O Vikhlyantsev and Z Vilakazi and O Villalobos Baillie and A Vinogradov and L Vinogradov and Y
Vinogradov and T Virgili and Y Viyogi and A Vodopianov and G Volpe and D Vranic and J Vrláková and B Vulpescu and C Wabnitz and V
Wagner and L Wallet and R Wan and Y Wang and Y Wang and R Wheadon and R Weis and Q Wen and J Wessels and J Westergaard and J Wiechula and A
Wiesenaecker and J Wikne and A Wilk and G Wilk and C Williams and N Willis and B Windelband and R Witt and H Woehri and K Wyllie and C Xu and C
Yang and H Yang and F Yermia and Z Yin and Z Yin and B Yun Ky and I Yushmanov and B Yuting and E Zabrodin and S Zagato and B Zagreev and P
Zaharia and A Zalite and G Zampa and C Zampolli and Y Zanevskiy and A Zarochentsev and O Zaudtke and P Závada and H Zbroszczyk and A
Zepeda and V Zeter and I Zgura and M Zhalov and D Zhou and S Zhou and G Zhu and A Zichichi and A Zinchenko and G Zinovjev and Y Zoccarato and A
Zubarev and A Zucchini and M Zuffa},
  title={The ALICE experiment at the CERN LHC},
  journal={Journal of Instrumentation},
  volume={3},
  number={08},
  pages={S08002},
  url={http://stacks.iop.org/1748-0221/3/i=08/a=S08002},
  year={2008},
  abstract={ALICE (A Large Ion Collider Experiment) is a general-purpose, heavy-ion detector at the CERN LHC which focuses on QCD, the strong-interaction sector of the Standard Model. It is designed to address the physics of strongly interacting matter and the quark-gluon plasma at extreme values of energy density and temperature in nucleus-nucleus collisions. Besides running with Pb ions, the physics programme includes collisions with lighter ions, lower energy running and dedicated proton-nucleus runs. ALICE will also take data with proton beams at the top LHC energy to collect reference data for the heavy-ion programme and to address several QCD topics for which ALICE is complementary to the other LHC detectors. The ALICE detector has been built by a collaboration including currently over 1000 physicists and engineers from 105 Institutes in 30 countries. Its overall dimensions are 16 × 16 × 26 m 3 with a total weight of approximately 10 000 t. The experiment consists of 18 different detector systems each with its own specific technology choice and design constraints, driven both by the physics requirements and the experimental conditions expected at LHC. The most stringent design constraint is to cope with the extreme particle multiplicity anticipated in central Pb-Pb collisions. The different subsystems were optimized to provide high-momentum resolution as well as excellent Particle Identification (PID) over a broad range in momentum, up to the highest multiplicities predicted for LHC. This will allow for comprehensive studies of hadrons, electrons, muons, and photons produced in the collision of heavy nuclei. Most detector systems are scheduled to be installed and ready for data taking by mid-2008 when the LHC is scheduled to start operation, with the exception of parts of the Photon Spectrometer (PHOS), Transition Radiation Detector (TRD) and Electro Magnetic Calorimeter (EMCal). These detectors will be completed for the high-luminosity ion run expected in 2010. This paper describes in detail the detector components as installed for the first data taking in the summer of 2008.}
}

